1737 2950
559 340 1152 406 INTRODUCTIO.

132 523 206 568 DE
245 521 529 569 SAPIENTE
558 518 745 566 PERSA
771 517 981 566 CAPITA
1007 515 1164 571 TRIA,
1190 514 1269 562 EX
1295 512 1578 563 EPISTULA

253 598 511 652 GEORGII,
539 597 804 644 EPISCOPI
830 594 1093 649 ARABUM,
1124 593 1449 640 EXCERPTA.

209 865 230 924 ἓ
269 866 456 911 1.v1TAE
495 880 544 910 ET
584 878 795 910 DOCTRINAE
833 877 998 909 GEORGII
1036 876 1181 907 BREVIS
1221 874 1500 906 ADUMBRA'HO.

202 1008 266 1052 De
291 1005 381 1051 vita
400 1010 444 1050 et
470 1003 687 1064 operibus
713 1002 974 1062 Aphraatis,
1000 1001 1228 1061 Sapientis
1249 1001 1418 1053 Persae,
1443 999 1586 1059 scrip-

138 1089 291 1136 turus,
339 1094 431 1126 rem
482 1080 598 1125 haud
651 1080 855 1125 inutilem
900 1078 1120 1124 facturum
1163 1091 1232 1123 me
1281 1076 1501 1129 arbitror,
1546 1076 1584 1121 si

138 1159 491 1206 introductionis
524 1159 667 1204 instar
692 1147 750 1204 ex⁴
771 1159 969 1216 Epistola
997 1156 1201 1217 Georgii,
1227 1154 1446 1215 Episcopi
1470 1154 1586 1199 Ara—

137 1238 266 1291 bum,
298 1236 444 1296 capita
493 1235 707 1281 nonnulla
733 1234 1023 1295 praemittam,
1055 1248 1173 1294 quae,
1204 1247 1306 1278 cum
1333 1232 1388 1277 de
1426 1231 1586 1277 eodem

136 1319 405 1374 argumento
437 1318 588 1373 agant,
629 1313 949 1358 Dissertationi
985 1311 1090 1356 dein
1130 1308 1402 1355 adornandae
1440 1309 1586 1353 lucem

135 1389 384 1440 affundere‚
427 1388 756 1448 utilitatemque
794 1386 1012 1434 scribenti
1049 1400 1137 1432 non
1173 1384 1396 1431 modicam
1425 1383 1586 1429 afferro

135 1472 346 1527 possunt.
379 1467 436 1512 Ut
460 1472 608 1511 autem
650 1465 783 1525 hujus
822 1463 1102 1510 monumenti
1142 1475 1348 1523 quaenam
1379 1461 1439 1506 sit
1475 1461 1588 1505 anti-

141 1543 310 1602 quitas,
341 1548 507 1602 quanta
544 1542 676 1588 etiam
716 1542 961 1588 auctoritas
996 1541 1035 1587 ei
1068 1544 1312 1599 competat,
1346 1537 1495 1583 statim
1532 1536 1586 1581 ab

98 1638 101 1642 ⁴
138 1619 266 1665 initio
298 1618 373 1664 fiat
409 1619 715 1671 manifestum,
757 1619 812 1663 de
855 1624 1039 1663 auctore
1083 1629 1223 1676 pauca
1267 1613 1472 1674 quaedam
1514 1613 1585 1657 hic

138 1695 334 1741 notanda
354 1695 581 1741 videntur.

205 1774 458 1834 Georgius,
508 1775 766 1834 Episcopus
820 1774 1014 1818 Arabum
1074 1772 1211 1831 vulgo
1266 1774 1582 1828 nuncupatus,

907 1853 1082 1943 ἐᾶὲἰὲ,
1121 1862 1345 1923 Georgius
1396 1862 1587 1920 populo-

138 1985 236 2016 rum
266 1971 501 2029 Tajorum,
533 1970 601 2015 vel
640 1969 846 2015 absolute
875 1954 1058 2027 [22:222
1098 1954 1312 2046 Λὲαέ,
1362 1965 1587 2025 Georgius

139 2059 340 2119 gentium
367 2058 436 2118 (1),
468 2059 637 2104 saeculo
663 2058 738 2104 VH
783 2057 827 2101 in
874 2057 1006 2102 finem
1044 2060 1260 2115 vergente
1304 2060 1347 2099 et
1381 2054 1479 2100 Vlil
1521 2053 1587 2097 in-

139 1866 313 1926 syriace
346 1879 452 1912 vero
479 1851 606 1921 &224⁷
639 1849 827 1922 ὶὶςζὲαζζρ
855 1890 905 1911 ψ

184 2220 231 2258 (1)
260 2217 497 2259 Deiisquaead
511 2217 939 2260 GeorgiumAEpiscopum
954 2211 1590 2257 Arabuimspectantvidesissosepni

140 2271 289 2306 Simonii
320 2271 504 2304 Assemani
534 2278 626 2313 opus
646 2270 987 2313 praestantissimum
1006 2270 1102 2312 quod
1127 2268 1340 2311 inscriptum
1359 2271 1413 2299 est
1432 2279 1440 2296 x
1462 2264 1591 2298 Biblio-

140 2327 240 2360 theca
261 2327 447 2360 orientatis
466 2326 903 2363 Clemeneivio-Valicarzffi
926 2326 1057 2363 Romae,
1079 2324 1172 2367 typis
1190 2326 1225 2357 S.
1244 2327 1279 2357 c.
1299 2323 1343 2355 de
1363 2323 1592 2363 propaganda

141 2381 223 2423 fide,
242 2383 444 2415 1719-1728.
464 2383 550 2414 Tres
569 2385 688 2415 tomos
708 2381 744 2414 in
764 2381 848 2415 sotio
867 2381 986 2419 habet,
1008 2381 1208 2422 horumque
1228 2377 1353 2412 tertius
1371 2379 1425 2409 est
1445 2375 1595 2417 biparti-

141 2440 211 2471 tus.
230 2439 317 2471 cum
336 2436 423 2470 mihi
442 2437 576 2479 passim
603 2445 735 2479 magno
763 2436 843 2469 usui
876 2436 1034 2470 futurum
1067 2436 1126 2475 sii,
1146 2435 1317 2475 deinceps
1346 2429 1431 2463 iilud
1460 2429 1596 2463 notabo

143 2490 271 2524 litteris
297 2490 496 2524 initialibus
518 2493 553 2523 Β.
573 2493 629 2530 0,,
649 2491 789 2533 adjecto
807 2490 1003 2524 voluminis
1022 2495 1055 2523 et
1075 2490 1214 2532 paginae
1233 2493 1395 2521 nurnero.
1417 2485 1527 2517 Porro
1553 2484 1597 2516 de

145 2546 299 2589 Georgio
318 2546 391 2589 agit
410 2548 435 2579 1.
456 2555 516 2588 pp.
538 2547 615 2586 167,
634 2547 711 2585 469,
730 2548 807 2580 494.
1470 2585 1486 2624 l
