1737 2950
705 170 977 212 ...77-

115 300 220 340 sunt
243 293 310 358 (1).
341 294 593 343 Occasione
618 295 989 356 persecutionum
1025 296 1096 342 sui
1122 296 1360 357 temporis,
1391 304 1438 344 ut
1471 297 1566 344 ani-

115 388 235 421 mum
261 374 406 420 amico
437 373 641 427 adderet,
672 373 917 434 specialem
951 374 1139 434 scripsit
1167 377 1229 421 De
1258 380 1568 434 perseeutione

114 452 492 504 dissertationem,
533 464 634 510 quae
659 451 859 496 occurrit
894 451 1054 497 ordine
1080 452 1300 512 vigesima
1326 454 1471 513 prima
1495 454 1562 515 (2).

116 527 247 584 Quod
272 533 418 574 autem
445 526 499 572 ad
526 540 621 573 rem
648 532 848 572 nostram
876 527 1020 587 magis
1045 527 1179 573 etiam
1206 527 1329 582 facit,
1360 535 1564 590 tempora

115 619 206 651 non
241 618 343 651 raro
381 603 593 664 designat
618 617 672 650 ex
696 604 827 650 annis
854 604 1040 664 Saporis
1066 605 1207 666 regis.
1241 606 1333 661 Sic,
1361 607 1570 654 absoluta

115 682 438 728 Dissertatione
462 682 524 727 XI
534 683 579 735 V,
606 681 678 727 cui
711 681 869 727 titulus
894 683 1154 740 Deprecatio
1185 683 1255 729 vel
1280 683 1564 739 Adhortatz'o,

115 759 277 806 scribit
300 756 349 821 (3)
379 773 391 805 ι
421 777 443 799 «
469 757 732 817 Composita
752 763 822 804 est
839 759 1041 817 Epistola
1066 759 1163 805 haec
1190 773 1346 806 mense
1372 762 1567 806 Februa-

115 839 182 883 rio
221 834 452 899 (Schebot)
489 836 595 882 anni
642 836 964 883 sexcentesimi
1013 837 1380 898 quinquagesimi
1423 838 1569 899 quinti

117 913 246 975 regni
287 913 550 966 Alexandri,
591 913 670 958 filii
715 913 914 974 Philippi
952 915 1232 969 Macedonis,
1268 929 1385 962 anno
1421 922 1568 962 autem

116 990 354 1052 trigesimo
374 990 532 1050 quinto
559 990 764 1050 Saporis,
790 991 1029 1037 Persarum
1056 992 1198 1053 regis.
1228 1011 1250 1033 »
1272 992 1340 1038 Ad
1361 994 1569 1040 eumdem

118 1067 306 1128 Saporis
353 1080 519 1113 annum
568 1066 706 1113 refert
752 1068 971 1113 Homilias
1019 1068 1260 1115 duodecim
1308 1069 1566 1133 (XI-XXII),

116 1145 268 1191 verbis
288 1158 389 1206 quae
415 1157 569 1204 supra,
593 1158 640 1203 p.
667 1142 746 1200 30,
773 1144 1061 1191 recitavimus
1081 1144 1145 1208 (4).
1172 1146 1301 1200 Item,
1325 1146 1379 1192 ad
1400 1148 1569 1194 calcem

117 1224 457 1270 Dissertationz's
483 1222 537 1268 de
555 1223 701 1275 acino,
726 1236 890 1268 annum
911 1222 1080 1269 indicat
1106 1224 1341 1284 regnantis
1362 1225 1566 1284 Saporis,

117 1301 345 1361 simulque
370 1298 516 1359 tangit
542 1298 819 1358 multiplices
845 1301 1108 1346 vexationes
1132 1315 1244 1361 quas
1264 1301 1318 1347 ab
1339 1316 1392 1348 eo
1415 1302 1570 1349 Chris-

118 1377 227 1424 tiani
247 1376 338 1436 jam
366 1374 578 1436 perpessi
606 1380 734 1421 erant
759 1377 808 1435 (5)
839 1392 846 1421 :
881 1394 903 1416 «
929 1376 1192 1423 Scribebam
1219 1378 1299 1424 tibi
1325 1381 1570 1438 Epistolam

118 1455 248 1508 hanc,
279 1451 599 1504 carissime,...
631 1465 750 1498 anno
783 1452 1022 1513 trigesimo
1056 1459 1184 1500 sexto
1211 1454 1415 1514 Saporis,
1446 1458 1570 1517 regis

118 1531 376 1584 Persarum,
424 1528 630 1588 ejusdem
674 1529 769 1588 qui,
816 1529 1129 1590 quinquennio
1172 1532 1225 1577 ab
1274 1533 1570 1580 ecclesiarum

118 1609 356 1655 eversione
381 1608 555 1668 elapso,
588 1606 956 1666 persecutionem
990 1609 1153 1662 movit;
1190 1623 1243 1655 eo
1283 1610 1416 1656 etiam
1452 1625 1569 1658 anno

117 1701 207 1748 quo
233 1687 353 1734 edita
379 1687 463 1733 fuit
488 1692 667 1745 strages
702 1699 863 1746 magna
900 1694 1143 1748 martyrum
1183 1689 1227 1734 in
1267 1696 1384 1736 terra
1418 1691 1569 1737 orien-

117 1764 194 1809 tali
231 1763 297 1824 (6).
327 1783 349 1805 »
372 1763 578 1824 Denique
621 1763 946 1809 Dissertatione
989 1765 1143 1824 quinta
1178 1767 1227 1826 (τ)
1261 1781 1362 1826 quae
1405 1775 1475 1813 est
1516 1769 1571 1814 de

118 1853 245 1898 bellis
272 1865 351 1898 seu
384 1854 550 1911 pugnis
575 1840 746 1915 (ἰοῖ-ορ
781 1844 1052 1916 Mam-02),
1080 1855 1152 1914 agi
1188 1855 1243 1901 de
1278 1856 1569 1916 expeditione

120 1934 319 1989 militari,
349 1949 373 1979 a
399 1934 569 1995 Sapore
601 1940 759 1981 contra
794 1935 1024 1982 Romanos
1056 1942 1209 1996 parata
1243 1942 1287 1983 et
1318 1951 1434 1984 anno
1473 1938 1566 1984 337

118 2011 297 2058 demum
340 2011 565 2065 inchoata,
612 2011 649 2057 si
695 2011 798 2071 quis
835 2025 928 2058 rem
972 2012 1238 2073 diligentius
1278 2015 1563 2074 expenderit,

162 2181 210 2223 (¹)
236 2181 283 2214 De
312 2177 420 2214 variis
449 2179 575 2213 harum
606 2179 900 2222 persecutionum
929 2181 1110 2225 adjunctis
1141 2181 1290 2218 consule
1313 2183 1437 2226 steph.
1457 2183 1566 2218 Evod.

118 2236 302 2271 Assemani
336 2235 427 2269 Acta
458 2235 674 2269 Sanctorum
708 2239 912 2278 martyrum
947 2238 1179 2273 orientalium
1211 2242 1243 2272 et
1277 2240 1566 2280 occidentalium,

120 2296 210 2335 part.
232 2291 258 2330 l,
276 2299 335 2333 pp.
358 2289 475 2323 1·210.

165 2359 213 2400 (2)
238 2354 453 2399 Wrightius,
473 2364 506 2398 p.
535 2361 644 2408 254
679 2366 781 2401 seqq,

164 2437 210 2477 (3)
236 2435 449 2479 wrightius,
469 2443 527 2477 pp.
556 2440 643 2488 Γ*
669 2442 704 2471 et
731 2443 834 2467 <si-..n
860 2458 867 2467 .

163 2515 211 2554 (4)
237 2513 343 2553 ibid..
362 2522 422 2556 pp.
448 2513 517 2547 >oz
547 2517 583 2546 et
605 2506 724 2552 t-sol.
760 2535 768 2543 .

165 2591 216 2633 (5)
241 2590 346 2633 thid„
364 2600 400 2634 p.
425 2592 538 2638 μοι
565 2608 574 2618 ·

168 2647 212 2689 (6)
239 2648 284 2681 De
302 2647 409 2689 huJus
427 2647 494 2682 loci
513 2654 623 2681 sensu
641 2646 757 2682 recole
773 2655 853 2690 quae
872 2655 948 2690 pag.
974 2648 1026 2687 ¹8,
1048 2655 1109 2680 nn.
1142 2648 1153 2678 1
1187 2650 1222 2679 et
1246 2646 1280 2688 Ξ,
1305 2645 1563 2680 disseruimus.

167 2714 212 2754 (7)
242 2712 452 2756 Wrightius‚
480 2723 512 2756 p.
554 2713 662 2751 *ll-A
687 2722 791 2756 Seqq·
