1737 2950
717 204 1013 247 —320—

147 347 228 390 per
248 332 461 390 populum
485 331 562 388 qui
586 342 671 374 non
695 336 761 374 est
783 329 994 387 populus,
1022 335 1064 375 et
1087 343 1169 387 per
1197 337 1369 388 qentem
1394 332 1584 378 stultam

149 410 335 454 irritabo
373 421 460 452 vos.
503 407 634 451 Pater
668 411 824 451 noster
855 405 1070 459 lacobus,
1111 420 1248 466 quum
1280 407 1408 454 Judae
1442 407 1583 455 bene-

148 486 336 538 diceret,
367 485 450 530 boc
476 483 532 529 de
556 483 770 544 gentibus
806 482 984 528 effatum
1021 484 1209 543 protulit
1232 482 1282 547 (ι)
1311 501 1320 529 :
1349 487 1443 532 Non
1473 486 1582 543 defi-

147 566 231 608 ciet
263 571 487 620 sceptrum
521 562 574 606 de
606 561 723 605 Juda
765 573 905 618 neque
945 562 1169 619 expositor
1201 562 1254 607 de
1284 562 1425 620 stirpe
1463 563 1578 620 ejus,

145 641 280 685 donec
316 641 464 684 veniat
500 639 576 682 ille
611 636 740 697 cujus
783 644 847 682 est
889 651 1076 694 reanum
1111 646 1154 683 et
1189 639 1236 682 in
1270 652 1401 697 quem
1430 646 1584 698 qentes

144 718 402 774 sperabunt.
446 716 584 761 Isaias
621 728 802 774 quoque
839 714 951 759 dixit
975 713 1023 775 (a)
1059 731 1067 760 :
1106 717 1301 761 Paratus
1336 717 1423 762 erit
1457 730 1582 763 mons

143 793 238 838 dom
249 808 299 838 us
327 793 498 837 Domini
525 793 570 835 in
597 792 759 836 vertice
785 792 1018 844 montium,
1047 792 1263 838 excelsior
1286 793 1371 838 erit
1396 793 1580 838 collibus

141 876 183 913 et
226 869 284 913 ad
323 882 423 913 eum
465 867 685 923 confluent
731 868 952 911 universae
985 874 1154 924 [sentes.
1196 868 1354 925 Populi
1391 868 1524 913 multi
1557 882 1581 913 e

142 946 395 1004 regionibus
421 945 673 1001 lonqinquis
699 943 950 996 (advenient,
980 944 1176 988 dicentes
1199 960 1209 988 .·
1239 945 1402 995 Venite,
1428 958 1581 990 ascen-

141 1023 302 1066 damus
344 1024 391 1066 in
434 1028 623 1066 montem
664 1021 840 1064 Domini
883 1027 925 1065 et
966 1021 1025 1065 ad
1066 1021 1244 1066 domum
1285 1022 1365 1065 Dei
1409 1022 1574 1068 Jacobi.

140 1099 314 1143 Docebit
355 1111 432 1141 nos
466 1098 563 1141 vias
597 1109 706 1140 suas
739 1103 779 1140 et
814 1097 861 1139 in
893 1097 1063 1141 semitis
1097 1097 1195 1153 ejus
1232 1096 1576 1151 ambulabimus,

139 1177 347 1233 quoniam
382 1188 438 1219 ea:
469 1174 571 1218 Sion
604 1173 742 1217 exibit
781 1173 855 1217 lea:
891 1180 931 1217 et
967 1186 1024 1217 ex
1059 1173 1363 1231 Hierosolyma
1397 1175 1577 1220 verbum

139 1253 330 1297 Domini.
377 1252 601 1296 Judicabit
633 1251 818 1308 populos
853 1258 894 1295 et
931 1264 1078 1296 omnes
1119 1259 1271 1310 qentes
1312 1252 1576 1311 lonqinquas

139 1336 314 1387 arquet.
364 1329 472 1373 Cum
515 1334 664 1372 autem
712 1340 787 1371 eas
820 1327 1097 1384 judicaverit
1137 1335 1178 1372 et
1219 1328 1572 1387 reprehenderit,

137 1404 450 1451 correctionem
475 1405 709 1461 accipient,
736 1405 1149 1449 reconciliabuntur
1182 1411 1225 1449 et
1260 1412 1577 1451 convertentur

137 1498 162 1526 a
211 1484 379 1528 duritie
423 1496 526 1527 sua.
574 1481 753 1526 Gladios
798 1495 901 1526 suos
948 1480 1197 1541 confractos
1245 1482 1484 1527 mutabunt
1525 1484 1573 1528 in

137 1572 329 1603 vomeres
354 1566 393 1602 ct
421 1559 600 1602 lanceas
635 1571 742 1600 suas
773 1558 820 1600 in
843 1557 999 1612 sulces.
1028 1558 1242 1614 Deinceps
1267 1570 1353 1601 non
1378 1565 1575 1604 assumet

135 1636 337 1691 (yladium
378 1648 485 1692 qens
526 1633 742 1677 adversus
783 1640 975 1690 flentem,
1020 1645 1160 1690 neque
1193 1633 1394 1678 bellandi
1429 1641 1573 1680 artem

134 1713 381 1757 addiscent.
417 1710 589 1756 Revera
615 1710 768 1769 populi
795 1710 869 1768 qui
896 1711 1034 1755 Deum
1069 1709 1354 1769 ignorabant,
1383 1710 1567 1770 gladiis,

134 1789 303 1834 lanceis
346 1795 389 1834 et
427 1787 567 1833 hastis
609 1800 710 1832 cum
752 1786 1106 1846 oppressoribus
1145 1792 1277 1846 atque
1312 1787 1571 1846 raptoribus

133 1866 240 1910 olim
289 1864 571 1925 pugnabant3
625 1862 833 1908 Christus
881 1868 1027 1908 autem
1076 1862 1278 1908 Salvator
1325 1862 1570 1910 adveniens

133 1957 284 1987 arcum
312 1942 520 1987 bellicum
543 1940 784 2000 confregit,
811 1953 965 1999 pacem
987 1939 1244 1985 nationibus
1270 1939 1565 1995 annuntiavit,

132 2034 181 2062 ex
211 2018 375 2078 gladiis
401 2032 550 2063 earum
577 2016 789 2062 conflavit
813 2030 1035 2070 vomeres,
1066 2016 1337 2075 lanceasque
1359 2015 1402 2060 in
1429 2015 1567 2062 falces

131 2094 370 2147 convertit,
398 2100 446 2139 ut
471 2093 623 2138 labore
649 2106 856 2137 manuum
883 2106 1081 2143 suarum,
1113 2105 1201 2137 non
1228 2091 1400 2150 rapinis
1430 2091 1565 2137 vitam

129 2176 450 2216 sustentarent.
476 2197 534 2202 —
563 2169 789 2229 Scriptum
815 2169 946 2214 etiam
973 2175 1043 2215 est
1064 2169 1112 2228 (3)
1137 2185 1145 2213 :
1170 2169 1367 2215 Reddam
1390 2170 1565 2227 populis

129 2249 297 2293 labium
322 2250 524 2301 electum,
553 2255 602 2293 ut
629 2249 828 2292 invocent
852 2261 1001 2292 omnes
1025 2260 1182 2292 nomen
1206 2248 1397 2292 Domini.
1423 2245 1566 2293 Antea

129 2325 298 2384 quippe
324 2338 469 2384 neque
494 2330 620 2370 erant
644 2325 857 2384 gentibus
891 2324 1006 2369 labia
1041 2324 1199 2378 electa,
1226 2336 1372 2383 neque
1399 2337 1563 2371 nomen

129 2401 304 2446 Domini
333 2400 621 2452 invocabant;
661 2414 816 2445 verum
852 2399 983 2445 labiis
1009 2399 1105 2445 suis
1131 2398 1419 2445 celebrabant
1444 2398 1563 2445 idola

128 2490 228 2535 quae
254 2476 451 2536 ipsarum
479 2489 635 2521 manus
662 2475 875 2529 fecerant,
906 2481 964 2532 et,
993 2475 1155 2521 nedum
1194 2488 1356 2520 nomen
1382 2475 1562 2522 Domini

169 2616 216 2655 (Ι)
243 2615 368 2651 Genes.
387 2617 499 2657 Xle‚
521 2617 573 2649 ¹0.

169 2670 214 2710 (2)
242 2670 321 2703 lsai.
343 2672 386 2711 Η,
405 2671 478 2712 2-4,
497 2675 531 2704 et
549 2670 653 2705 Mich.
676 2672 729 2710 lv,
751 2672 819 2704 1-3.

168 2725 214 2764 (5)
239 2724 396 2767 sophon.
418 2725 478 2766 111,
496 2725 530 2759 9.
