1737 2950
765 206 1060 248 -255-

264 335 310 378 ln
338 333 407 377 liis
431 331 610 377 duobus
644 331 758 377 locis
793 331 1035 392 perspicue
1069 331 1295 378 contineri
1328 331 1627 379 assertionem

196 410 365 471 peccati
392 409 628 470 originalis
655 409 896 468 unicuique
917 409 1097 454 obvium
1120 416 1205 455 est.
1232 409 1482 470 Utrobique
1507 409 1626 456 enim

195 488 251 534 de
286 488 360 533 tali
396 493 518 532 reatu
553 499 703 532 serino
739 485 804 538 lit,
833 485 928 544 qui,
958 498 1059 531 cum
1094 499 1147 530 ex
1181 485 1338 531 Adami
1365 485 1628 545 praevarica-

195 565 317 610 tione
342 563 565 624 originem
591 562 741 615 ducat,
771 575 930 607 omnes
956 560 1159 620 ejusdem
1185 567 1415 622 posteros,
1445 562 1627 609 Christo

194 646 414 700 excepto,
475 640 692 699 ipsosque
746 637 858 683 adeo
917 637 1126 692 infantes,
1182 638 1336 684 infecit
1377 645 1421 684 et
1462 638 1627 685 divinae

194 716 499 763 maledictioni
537 714 752 774 subjecit;
796 720 1014 774 praeterea
1051 728 1158 760 vero
1193 715 1350 761 istliaec
1386 715 1558 761 macula
1583 715 1626 760 in

195 797 446 856 posteriore
474 794 734 841 testimonio
771 806 987 853 expresse
1025 793 1244 853 distingui
1271 793 1449 840 videtur
1473 808 1496 840 a
1521 808 1626 854 pec-

192 874 305 920 catis
355 872 686 933 personalibus,
739 884 839 930 quae
886 870 1055 931 singuli
1104 871 1335 924 homines,
1386 878 1625 932 postquam

193 951 381 996 rationis
423 964 554 996 usum
595 955 701 994 sunt
742 947 908 1007 adepti,
948 950 995 992 z‘n
1033 956 1257 994 certamen
1292 949 1623 1003 descendentes,

192 1027 455 1079 admittunt;
497 1026 674 1071 demum
713 1024 836 1070 labes
873 1024 949 1069 illa
984 1030 1028 1070 et
1064 1039 1115 1070 ex
1159 1024 1396 1071 effectibus
1439 1025 1626 1086 dignos·

192 1106 309 1150 citur
339 1121 345 1148 :
377 1101 747 1162 concupiscentia
773 1101 941 1161 quippe
969 1101 1073 1147 inde
1099 1107 1197 1147 orta
1222 1108 1292 1148 est
1317 1108 1362 1147 et
1386 1115 1547 1161 magna
1572 1101 1626 1147 ad

192 1182 365 1240 lapsum
405 1179 684 1240 proclivitas,
714 1191 830 1237 quae,
860 1177 993 1237 culpa
1018 1177 1124 1223 licet
1155 1178 1424 1232 condonata,
1452 1179 1629 1224 stimuli

193 1257 350 1310 instar,
380 1271 524 1317 usque
561 1255 745 1301 lacessit
781 1261 825 1301 et
860 1254 1037 1315 pungit.
1070 1255 1226 1315 Neque
1265 1255 1412 1301 minus
1441 1255 1626 1301 evidens

192 1341 261 1381 est
303 1335 452 1380 verbis
494 1348 593 1394 quae
637 1332 923 1378 recitavimus
965 1331 1173 1377 affirmari
1220 1338 1408 1378 mortem
1458 1331 1626 1379 Christi

192 1412 402 1457 vicariam
444 1418 487 1456 et
528 1410 818 1470 piacularem,
857 1409 1082 1468 siquidem
1130 1410 1244 1468 ipse,
1286 1409 1363 1469 qui
1407 1409 1626 1456 innocens

192 1497 302 1542 erat,
328 1495 511 1549 peccata
537 1494 688 1533 nostra
717 1486 758 1530 in
787 1500 836 1531 se
862 1486 1083 1545 suscepit,
1109 1493 1155 1531 ut
1179 1500 1229 1531 ea
1255 1486 1378 1532 cruci
1405 1486 1625 1547 affigeret,

194 1568 277 1612 hoc
317 1574 385 1612 est
422 1566 659 1625 (Aphraate
696 1563 801 1608 alibi
825 1567 874 1623 (1)
914 1578 1005 1609 rem
1045 1564 1102 1608 ita
1133 1564 1421 1623 explicante),
1452 1571 1516 1617 ut,
1547 1565 1622 1609 ini-

192 1643 440 1702 quitatibus
468 1641 638 1687 nostris
675 1639 854 1692 deletis,
885 1640 1104 1699 sanguine
1140 1654 1222 1685 suo
1263 1654 1346 1686 nos
1384 1640 1627 1686 redimeret

191 1726 325 1780 atquc
352 1718 613 1765 vivificaret.

259 1797 320 1841 De
346 1796 445 1841 aliis
471 1793 642 1855 peccati
680 1792 917 1854 originalis
944 1792 1162 1852 sequens,
1193 1793 1247 1839 de
1275 1800 1419 1841 morte
1450 1794 1628 1841 scilicet

191 1874 460 1933 caetcrisque
497 1872 627 1930 liujus
661 1871 762 1916 vitze
798 1870 1013 1915 {erumnis
1056 1875 1100 1916 ct
1142 1870 1360 1926 miseriis,
1401 1872 1627 1931 simulque

191 1950 246 1995 de
272 1951 414 1996 salute
441 1947 799 2007 locupletissima
824 1946 953 2005 cujus
979 1952 1134 1992 auctor
1160 1947 1293 1994 nobis
1319 1955 1388 1994 est
1414 1947 1623 1999 Messias,

191 2026 453 2072 distinctius
491 2030 630 2084 agunt
667 2024 778 2075 haec,
810 2037 909 2083 quae
947 2037 999 2068 ex
1025 2025 1223 2081 Epistola
1247 2025 1302 2070 de
1326 2026 1554 2070 monachis
1579 2022 1626 2086 (2)

191 2103 492 2149 exscribimus
533 2118 540 2145 z
586 2120 607 2141 «
639 2102 805 2145 Notum
844 2100 1010 2160 itaque,
1050 2100 1226 2158 fratres,
1265 2107 1308 2147 et
1343 2107 1624 2161 compertum

192 2180 324 2225 nobis
359 2185 428 2224 est
463 2191 543 2236 per
578 2177 801 2222 foeminam
844 2176 898 2221 ab
938 2176 1066 2221 initio
1109 2177 1278 2222 aditum
1323 2177 1376 2223 ad
1419 2178 1625 2225 homines

193 2257 310 2302 hosti
346 2256 612 2315 patefactum
653 2254 810 2299 fuisse.
855 2254 939 2299 Per
973 2253 1174 2299 eamdem
1212 2260 1359 2300 autem
1397 2255 1451 2300 ad
1492 2254 1623 2301 finem

193 2346 335 2393 usque
368 2330 616 2391 disperdet.
658 2331 746 2375 Ista
782 2329 900 2375 enim
936 2330 1023 2390 ipsi
1060 2337 1129 2376 est
1164 2332 1328 2385 telum,
1373 2331 1502 2391 cujus
1539 2346 1625 2392 ope

191 2425 290 2456 cum
333 2409 513 2455 athletis
557 2422 750 2468 pugnam
795 2409 1051 2454 committit.
1100 2409 1184 2454 Per
1232 2409 1456 2455 foeminam
1502 2410 1623 2456 omni

192 2494 393 2546 tempore
418 2484 612 2530 cantavit
648 2490 691 2529 et
731 2484 824 2529 haec
863 2484 923 2528 illi
963 2484 1056 2543 lyra
1082 2499 1104 2530 a
1130 2485 1276 2543 primo
1301 2485 1375 2531 die
1400 2486 1617 2549 suppetit.

235 2666 281 2704 (Ι)
308 2666 343 2696 V.
364 2674 413 2707 gi,
431 2671 486 2705 ap⁴
508 2661 675 2705 Wriglit..
695 2671 751 2702 pp,
780 2662 846 2713 5:³5
871 2667 905 2696 et
930 2661 1007 2692 σις’,
1040 2678 1046 2685 ·

235 2742 280 2781 (ξ)
307 2741 469 2783 κντίἕὴῑ,.
492 2750 536 2783 pp
576 2747 680 2793 -5-0
705 2746 737 2774 et
764 2747 839 2792 ’.ιο
871 2760 876 2766 .
