1737 2950
783 148 1081 190 —210-

216 277 304 322 rias
327 275 521 322 vividius
557 273 780 334 depingit,
810 280 945 333 utque
977 272 1178 319 divinum
1203 270 1417 317 auxilium
1444 269 1487 314 in
1514 267 1650 314 rebus

213 353 357 399 anxiis
383 352 516 398 nobis
541 356 710 411 praesto
730 350 789 395 sit
810 349 960 396 verbis
986 348 1249 395 ardentibus
1275 362 1326 394 ae
1346 347 1469 393 velut
1494 344 1651 407 ignitis

214 429 445 490 efflagitat.

279 505 433 562 Quoad
479 504 708 550 scribendi
749 503 954 549 ordinem
995 510 1287 562 mutuumque
1324 499 1651 547 sententiarum

214 596 392 634 nexum,
417 580 688 640 quandoque
715 579 901 624 liberior
926 593 1056 639 aequo
1083 577 1440 637 deprehenditur
1463 574 1652 636 Sapiens

217 659 353 704 Persa
394 657 668 702 :Sacrarum
705 655 822 701 enim
862 655 1132 701 Litterarum
1173 653 1302 700 effata
1344 658 1478 712 atque
1522 650 1652 697 testi-

215 735 362 781 monia
399 734 568 793 passim
605 732 828 792 congerit,
860 733 929 777 vel
956 732 1008 776 ad
1042 745 1135 777 rcm
1173 731 1323 776 minus
1360 728 1649 789 pertinentIa,

213 813 283 858 vel
331 817 453 857 certe
500 809 729 855 contextui
777 809 831 854 ab
879 815 1062 854 auctore
1120 821 1209 853 non
1254 807 1366 853 satis
1413 810 1561 865 aptata
1607 810 1652 851 et

216 890 400 935 inserta.
431 887 504 940 At,
534 886 654 946 quod
682 886 726 930 in
751 886 976 946 scriptore
1012 891 1100 931 tam
1139 884 1308 945 insigni
1342 883 1480 930 multo
1507 881 1651 943 magis

211 963 634 1026 reprehendendum
679 969 765 1016 est,
817 978 842 1008 a
888 963 1124 1023 proposito
1175 961 1289 1007 haud
1341 961 1649 1020 infrequenter

215 1041 415 1089 deflectit
446 1047 490 1086 et
526 1054 606 1100 per
640 1054 859 1086 excursus
897 1040 952 1085 de
990 1040 1126 1085 rebus
1160 1038 1294 1084 etiam
1331 1037 1520 1083 minoris
1555 1050 1642 1082 mo-

215 1120 368 1174 menti,
397 1132 584 1179 quarum
611 1118 779 1164 mentio
806 1118 921 1164 forte
947 1117 1176 1169 inciderit,
1200 1115 1404 1162 diversas
1431 1115 1475 1160 in
1502 1119 1654 1175 partes

212 1204 442 1259 evagatur.
476 1197 691 1256 Exempla
733 1196 865 1255 hujus
906 1196 1003 1242 vitii
1047 1209 1188 1255 pauca
1231 1209 1284 1240 ex
1329 1193 1481 1240 multis
1515 1192 1653 1239 addu-

215 1289 318 1322 cere
355 1275 504 1320 liceat.
548 1274 596 1319 In
632 1275 830 1332 Epistola
871 1275 917 1328 I,
957 1273 1032 1320 ubi
1070 1272 1278 1333 prodigia
1312 1277 1521 1318 recenset
1554 1283 1661 1337 quael

219 1354 332 1400 fides
358 1353 527 1413 populo
565 1353 645 1398 Dei
682 1353 876 1412 peperit,
908 1366 959 1398 ex
997 1351 1106 1396 mira
1143 1350 1409 1410 trajectione
1442 1348 1655 1396 Jordanis

219 1430 359 1483 ssuvii,
389 1444 490 1490 quae
513 1429 653 1475 Josue
678 1429 793 1475 duce
819 1429 1030 1489 contigit,
1061 1428 1301 1474 occasione
1336 1433 1531 1486 arrepta,
1560 1426 1655 1472 haec

218 1521 318 1554 cum
359 1506 578 1552 orationis
615 1519 757 1565 scopo
793 1507 864 1551 vix
903 1505 1177 1551 cohaerentia
1214 1503 1497 1550 intermiscet
1543 1501 1592 1563 (1)
1643 1518 1651 1546 :

220 1603 241 1625 «
274 1584 397 1629 Scito
431 1588 596 1637 autem,
641 1582 892 1636 carissime,
932 1581 1174 1627 Jordanem
1211 1588 1296 1634 ter,
1335 1588 1383 1627 ut
1418 1579 1656 1626 transitum

218 1660 457 1721 praeberet,
489 1659 532 1704 in
559 1658 718 1705 eodem
756 1659 856 1705 loco
892 1658 1086 1704 divisum
1124 1672 1226 1704 esse
1257 1675 1264 1703 :
1296 1659 1443 1718 primo
1474 1657 1656 1717 quidem

219 1754 243 1785 a
282 1740 438 1792 Josue,
486 1737 603 1782 Nuni
646 1737 756 1790 filio,
803 1737 907 1782 dein
951 1737 1005 1782 ab
1047 1737 1159 1789 Elia,
1199 1737 1332 1783 tertio
1375 1736 1428 1782 ab
1471 1735 1652 1782 Elisaeo.

218 1815 428 1862 Ostendit
452 1814 570 1860 enim
606 1814 856 1873 Scriptura,
887 1813 1028 1858 Eliam
1064 1827 1087 1858 e
1125 1814 1311 1874 regione
1345 1820 1470 1859 trans
1501 1812 1657 1858 Jorda-

221 1906 321 1939 nem
347 1905 399 1938 ex
425 1891 615 1936 adverso
647 1890 900 1936 Jerichonti
936 1890 1021 1935 sita
1058 1896 1233 1949 raptum
1268 1904 1370 1936 esse
1405 1890 1449 1935 in
1475 1890 1651 1936 caelum.

223 1969 332 2015 Cum
366 1968 544 2014 scilieet
579 1967 713 2012 rediit
750 1967 942 2012 Elisaeus
981 1972 1025 2012 et
1056 1966 1298 2013 Jordanem
1336 1966 1532 2013 divisum
1569 1971 1656 2011 tra-

216 2045 345 2105 jecit,
392 2044 431 2089 ei
475 2043 651 2089 obviam
695 2049 1020 2103 processerunt
1064 2043 1142 2088 filii
1187 2043 1533 2104 prophetarum.
1581 2041 1658 2102 qui

219 2122 478 2169 Jerichonte
500 2120 803 2175 morabantur,
828 2127 871 2166 et
891 2121 1101 2166 dixerunt
1120 2119 1168 2183 (2)
1190 2137 1197 2166 :
1221 2122 1451 2180 Requievit
1468 2121 1659 2179 spiritus
1733 2179 1735 2182 .

218 2202 327 2246 Elioe
371 2211 505 2256 super
546 2199 773 2242 Elisaeum.
829 2198 891 2243 De
932 2198 1123 2243 transitu
1172 2198 1305 2244 etiam
1347 2197 1529 2258 populi,
1581 2196 1658 2257 qui
1718 2193 1734 2247 ’τ

219 2284 422 2336 tempore
446 2275 604 2328 Josue,
637 2274 715 2318 filii
743 2274 880 2328 Nuni‚
911 2275 1122 2335 contigit,
1152 2275 1371 2334 scriptum
1397 2280 1483 2327 est,
1515 2275 1658 2320 Israe-

218 2354 320 2399 litas
368 2352 532 2398 flumen
583 2357 739 2396 contra
785 2351 1090 2396 Jerichontem
1150 2351 1460 2410 trajecisse.»
1522 2351 1659 2398 Hisce
1710 2338 1733 2403 ἷξὶ

221 2430 488 2489 interJectis,
525 2428 579 2474 ad
615 2428 900 2488 propositum
945 2428 1124 2474 demum
1159 2429 1277 2475 redit
1311 2434 1484 2484 auctor,
1522 2435 1566 2474 et
1601 2429 1660 2474 ita
1719 2463 1722 2471 ,

265 2614 310 2655 (1)
339 2614 398 2647 Ed.
421 2614 584 2658 Wright.‚
606 2624 639 2656 p.
666 2615 739 2652 4-
774 2635 780 2642 -

265 2681 310 2721 (Ξ)
337 2681 377 2713 lv
397 2681 529 2723 Πέρωνι
550 2683 594 2724 ΙΙ,
613 2685 665 2716 15.
