1737 2950
785 237 1050 279 „94-

194 366 238 405 et
265 359 398 414 Abiu,
428 359 577 419 Oplini
612 366 656 406 et
694 360 911 412 Pliinees;
954 360 1035 406 sed
1070 367 1234 420 praeter·
1261 361 1457 415 nomina,
1491 375 1628 422 opera

194 437 309 482 bona
336 436 589 482 necessaria
614 443 735 483 sunt.
765 437 912 497 Opera
948 437 1067 483 enim
1105 438 1203 484 sine
1240 438 1499 485 nominibus
1523 452 1626 485 auc-

193 517 316 558 tores
340 527 450 558 suos
475 527 497 558 a
523 519 665 559 morte
701 513 906 566 liberant,
941 514 1119 559 nomina
1152 528 1258 560 vero
1295 515 1466 575 absque
1503 521 1625 562 recte

192 589 321 634 sactis
363 590 472 634 nihil
514 590 737 635 commodi
782 590 846 636 vel
894 590 1100 636 utilitatis
1142 590 1350 644 afferunt,
1397 597 1446 637 ut
1487 606 1624 652 supr-a

189 666 459 726 scripsimus
484 666 630 712 vobis.
657 668 932 726 Superbiunt
958 674 1103 714 tamen
1129 668 1290 714 fratres
1317 669 1461 715 nostri
1487 683 1622 729 prop·

190 750 258 789 tor·
283 757 443 788 nomen
470 744 589 803 quod
627 750 916 803 acceperunt,
946 745 1232 791 occasionem
1260 745 1364 791 inde
1390 752 1621 792 sumentes

188 821 374 881 ligandi,
418 820 690 872 blandiendi,
734 822 949 867 honorem
992 823 1078 867 sibi
1122 823 1413 876 conciliandi,
1450 822 1621 881 jactan-

186 903 346 957 tesque
393 911 518 943 suam
566 903 850 956 potestatem.
899 896 1049 955 Quave
1094 898 1226 944 liodie
1275 899 1506 958 impletum
1553 905 1623 945 est

187 974 294 1019 illud
322 976 552 1034 prophetie
578 974 755 1020 effatum
782 975 829 1034 (ι)
859 993 869 1020 ;
902 977 1111 1033 Princeps
1141 976 1447 1033 quodcumque
1483 976 1619 1020 libue-

187 1053 246 1096 rit
280 1052 488 1108 imperat.
533 1051 757 1109 Scriptum
803 1058 871 1096 est
907 1052 1036 1096 ctiam
1066 1051 1112 1111 (ρ)
1154 1068 1161 1097 :
1201 1053 1308 1098 Oves
1346 1066 1468 1103 meae,
1509 1051 1618 1107 deli-

184 1130 324 1173 ciente
355 1135 546 1186 pastore,
585 1129 797 1185 dispersce
831 1136 953 1172 sunt.
999 1129 1052 1172 Et
1088 1128 1244 1174 iterum
1278 1128 1326 1190 (3)
1361 1144 1368 1174 :
1415 1130 1619 1173 Pastores

182 1206 363 1263 seipsos,
386 1219 473 1250 non
495 1213 643 1249 autem
663 1219 836 1262 (sreqem
856 1218 1002 1250 meum
1016 1213 1254 1263 paverunt.
1282 1206 1335 1250 Et
1355 1205 1513 1250 iteruin
1532 1205 1579 1265 (i)
1605 1222 1612 1250 :

185 1283 217 1325 0
258 1289 475 1338 pastores,
526 1283 604 1339 qui
651 1295 825 1339 qreyem
868 1296 1138 1339 pascuorum
1186 1295 1381 1326 meorum
1424 1281 1615 1338 perditis

181 1365 316 1415 atque
355 1359 639 1416 dispergitis!
687 1358 805 1402 Alibi
848 1358 915 1403 sic
963 1363 1211 1418 arguuntur·
1258 1363 1464 1416 pastores
1508 1354 1554 1418 (5)
1603 1373 1609 1400 :

182 1435 358 1480 Pascua
396 1437 585 1495 pinguia
628 1436 867 1492 depascitis
911 1449 1009 1487 vos,
1049 1443 1089 1479 ct
1131 1436 1246 1492 quod
1286 1436 1509 1492 reliquum
1550 1442 1616 1480 est

177 1513 361 1567 pedibus
390 1514 546 1558 vestris
571 1513 842 1557 conculcatis
853 1531 865 1567 ;
894 1512 1045 1557 dulces
1071 1513 1220 1556 bibitis
1250 1524 1407 1569 aquas,
1435 1518 1477 1556 et
1501 1511 1616 1568 quod

182 1597 378 1633 remanet
401 1589 585 1646 pedibus
611 1590 819 1634 turbatis.
855 1590 1010 1646 Itaque
1034 1602 1130 1633 oves
1157 1602 1262 1633 mese
1282 1595 1475 1645 pascum
1499 1587 1616 1645 qaod

179 1672 337 1709 vestroe
377 1666 697 1709 conculcarunt
737 1666 921 1721 planae,
963 1678 1082 1721 aqua
1121 1664 1302 1709 turbida
1335 1677 1471 1721 qiicim
1507 1664 1613 1708 reli-

179 1742 340 1797 quistis
374 1743 498 1786 sitim
534 1743 838 1799 restinguunt.
872 1741 924 1785 Et
952 1741 1109 1784 iterum
1136 1738 1183 1801 (o)
1211 1756 1218 1784 :
1251 1741 1444 1797 Pinques
1468 1740 1613 1798 qreqis

177 1829 275 1860 oves
300 1817 543 1865 comeditis,
573 1818 681 1861 lana
705 1817 944 1870 vestimini,
971 1829 1147 1874 qreqem
1173 1829 1272 1861 vero
1297 1829 1382 1860 non
1406 1817 1610 1873 pascitis,

177 1893 323 1937 sedin
356 1908 457 1938 eum
485 1907 566 1950 per
602 1896 689 1938 vim
722 1894 1032 1938 dominamini.
1067 1919 1120 1926 --·
1148 1894 1182 1938 Ο
1210 1897 1380 1952 pastor,
1417 1892 1611 1951 propriae

179 1970 412 2029 dignitatis
432 1971 603 2030 ignare,
628 1976 673 2016 tu
700 1970 801 2030 quis
828 1984 894 2024 cs,
919 1976 966 2016 ut
986 1984 1161 2015 servum
1184 1969 1364 2027 judices
1389 1969 1611 2014 alienum?

177 2046 213 2090 si
243 2046 359 2090 enim
387 2052 491 2099 stet,
517 2052 604 2091 stat
624 2046 806 2091 domino
832 2060 933 2099 suo,
960 2046 1059 2091 etsi
1088 2045 1232 2099 cadat,
1259 2044 1443 2090 domino
1464 2044 1605 2095 cadit;

176 2127 219 2165 at
243 2128 364 2167 certe
391 2122 542 2167 stabit.
576 2122 704 2177 Quod
742 2122 779 2168 si
812 2122 1051 2180 justificari
1091 2135 1303 2181 nequeas,
1331 2135 1468 2181 quare
1505 2134 1608 2181 pec-

175 2203 270 2242 cata
296 2198 415 2242 varia
440 2198 584 2244 adhuc
609 2198 836 2243 admittis?
857 2199 902 2243 Si
924 2199 1116 2257 teipsum
1142 2211 1277 2257 super·
1305 2211 1373 2243 me
1398 2197 1603 2250 extollas,

168 2273 403 2334 jactesque
429 2280 471 2320 te
498 2275 604 2319 milii
639 2281 683 2320 et
719 2275 921 2320 doctoris
959 2280 1002 2320 et
1039 2275 1161 2334 regis
1190 2274 1291 2332 ,jure
1317 2287 1534 2333 praeesse,
1563 2278 1608 2318 et

175 2355 216 2395 tc
260 2350 492 2409 i'epudiem
530 2364 634 2410 ego,
677 2351 869 2396 vinculis
913 2364 981 2395 me
1026 2351 1323 2410 constringis.
1371 2348 1606 2405 Quomodo

216 2495 263 2530 ‹1›
290 2493 391 2526 Mich.
409 2494 479 2533 Vll,
495 2495 528 2527 3.

217 2547 263 2586 (Ξ)
291 2547 412 2579 mech.
434 2548 573 2587 XXXW,
591 2549 624 2580 5.

214 2602 261 2635 (3)
289 2601 362 2633 lbid
383 2627 391 2639 ‚
411 2610 441 2633 v.
462 2603 493 2634 8.

215 2656 261 2692 (4)
289 2655 392 2693 miri„
411 2656 549 2694 xxxw,
569 2656 714 2697 passim.

214 2710 258 2743 (ὅ)
287 2708 358 2740 lbid
381 2733 388 2745 ,
409 2718 461 2740 vx.
485 2708 524 2741 18
540 2714 574 2741 et
594 2710 643 2741 19.

213 2764 259 2800 (6)
287 2762 389 2801 lind„
406 2771 447 2794 vv
479 2765 498 2794 3
515 2767 549 2795 ct
567 2764 597 2795 4.
