1737 2950
641 175 931 217 —151—

66 302 128 346 Dc
152 314 285 360 rayno
315 302 573 354 Persarum,
606 301 727 347 venit
750 301 945 347 Homilia
969 302 1022 347 de
1042 302 1187 354 bellis,
1219 307 1267 347 ut
1300 315 1353 348 ex
1380 301 1512 360 hujus

67 381 225 423 tenore
253 377 499 438 perspicue
535 375 793 437 colligitur;
835 390 918 423 nec
953 376 1182 423 diffitebor
1207 391 1312 439 ego,
1342 378 1381 423 si
1407 379 1512 438 quis

69 454 170 500 loco
198 453 315 500 tituli
346 470 354 499 :
384 455 448 500 De
470 456 671 513 {sentium
708 455 1060 508 conversatione,
1092 455 1333 515 legendum
1360 455 1511 514 conje-

69 531 183 578 cerit
211 547 220 578 :
251 533 312 577 Dc
335 535 536 591 gentium
561 534 861 585 conversione,
891 529 954 578 ita
990 538 1039 577 ut
1074 531 1266 592 quadret
1297 532 1513 578 indicatio

68 607 113 653 in
162 610 530 655 Dissertationem
572 610 626 654 dc
672 610 879 668 gentibus
924 623 1024 668 quae
1070 617 1179 654 sunt
1227 610 1316 654 loeo
1359 610 1515 668 populi

67 687 328 732 Israelitici.
357 687 466 733 Duae
506 686 690 747 quidem
735 685 1062 746 inscriptiones
1105 692 1351 746 sequentes
1399 703 1408 732 ε
1456 689 1517 733 De

65 777 202 809 sensu
234 765 415 816 animm,
446 765 507 809 De
540 764 869 809 constructione
903 764 1202 816 tabernaculi,
1243 763 1514 824 quibusnam

68 853 121 886 ex
169 841 381 899 Epistolis
421 840 650 900 Sapientis
693 840 845 886 Persae
888 840 1176 895 conveniant,
1222 840 1336 887 haud
1387 841 1517 889 facile

69 917 309 978 quisquam
336 917 579 964 definierit.
611 919 774 965 Verum
802 918 963 965 isthaec
989 924 1034 965 et
1058 919 1142 964 alia
1169 919 1320 973 etiam,
1351 919 1390 965 si
1416 934 1517 980 quae

69 994 178 1048 sint,
221 1009 322 1056 quae
357 994 399 1039 in
438 994 658 1041 Gennadii
697 995 960 1041 testimonio
992 994 1231 1050 deficiant,
1269 995 1516 1052 abundent,

69 1072 136 1118 vel
185 1071 449 1132 discrepent
495 1073 549 1118 ab
599 1072 798 1119 editione
846 1072 1166 1133 Wrightiana,
1218 1087 1271 1119 ex
1318 1074 1518 1120 auctoris

72 1149 252 1196 inscitia
284 1155 328 1196 et
365 1155 619 1210 temporum
657 1164 708 1195 ae
749 1151 951 1196 locorum
988 1150 1203 1196 distantia
1240 1151 1521 1198 sufficienter

69 1227 354 1287 explicantur
378 1226 444 1288 (ι),
476 1242 622 1288 neque
648 1228 781 1273 alicui
809 1228 972 1274 exinde
999 1228 1106 1275 licet
1140 1242 1307 1290 negare
1333 1229 1518 1275 eosdem

71 1303 313 1364 utrobique
341 1310 558 1350 tractatus
586 1305 833 1350 recenseri.

139 1380 186 1425 ln
222 1380 559 1440 exemplaribus
599 1386 685 1426 tam
725 1386 874 1427 textus
910 1381 1082 1442 Syriaci
1123 1395 1256 1441 quam
1293 1382 1520 1428 versionis

73 1458 367 1514 Armeniacae,
394 1459 600 1504 Homz'lc‘is
626 1459 908 1518 praeponitur
937 1459 1131 1517 Epistola
1157 1458 1236 1503 viri
1265 1459 1516 1518 cujusdam,

72 1536 149 1596 qui
191 1536 462 1596 Aphraatem
507 1542 637 1596 rogat
680 1542 726 1582 ut
769 1551 818 1582 se
863 1536 951 1582 fide
995 1535 1241 1582 christiana
1284 1537 1516 1590 instituat,

72 1628 276 1674 quaenam
316 1628 452 1672 opera
490 1614 543 1658 ad
585 1613 687 1659 ndei
731 1613 1056 1673 perfectionem
1096 1613 1387 1673 requirantur
1412 1615 1520 1660 edo—

72 1697 186 1742 ceat..
218 1704 402 1749 suaeque
440 1690 595 1742 menti,
638 1690 999 1736 dubitationibus
1037 1691 1329 1750 perturbatae,
1365 1705 1521 1751 pacem

74 1767 229 1813 afferat
256 1773 298 1812 et
333 1767 722 1827 tranquillitatem.
756 1767 840 1822 Qui
881 1768 975 1813 liaec
1013 1767 1231 1826 postulat,
1263 1768 1304 1812 in
1332 1769 1521 1814 transla-

75 1844 197 1890 tione
252 1843 518 1889 Armeniaca
572 1849 759 1889 vocatur
813 1843 1064 1904 Gregorius
1116 1844 1413 1890 Illuminator.
1466 1846 1524 1890 At

75 1920 359 1967 clarissimus
388 1920 462 1965 ille
488 1920 713 1965 Armenite
739 1920 976 1979 apostolus
997 1919 1088 1977 jam
1116 1933 1232 1965 anno
1261 1919 1372 1974 33⁶2,
1397 1921 1523 1980 juxta

79 1997 300 2050 Sassium‚
331 2011 354 2042 e
379 1996 467 2042 vita
495 1996 712 2047 decessit,
743 2010 794 2041 ac
820 1995 1011 2055 proinde
1047 1996 1144 2042 lieri
1171 2010 1257 2042 non
1297 1999 1445 2057 potuit
1480 2006 1527 2044 ut

80 2077 424 2121 Dissertationes
464 2075 594 2121 annis
634 2073 869 2128 336-337‚
900 2073 1115 2119 343-344
1143 2081 1187 2120 et
1215 2074 1309 2120 345
1336 2083 1527 2124 exaratae

75 2153 128 2199 ad
158 2153 305 2213 ipsum
343 2151 666 2213 dirigerentur.
701 2153 843 2198 Porro
882 2165 905 2198 e
943 2152 1267 2212 manuscriptis
1304 2153 1521 2214 Syriacis,

76 2244 176 2276 cum
204 2229 337 2290 primi
364 2231 573 2288 Epistoloe
603 2243 764 2275 versus
804 2229 847 2274 in
874 2228 931 2274 iis
959 2229 1240 2283 evanuerint,
1270 2229 1523 2291 interroga-

0 2345 2 2348 .
77 2307 192 2352 toris
228 2320 392 2352 nomen
435 2306 680 2366 comperiri
718 2306 892 2366 nequit.
938 2305 1174 2365 Conjicere
1211 2311 1358 2352 tamen
1398 2306 1522 2361 licet,

79 2383 347 2445 Gregorium
393 2398 493 2430 eum
536 2384 810 2444 appellatum
855 2398 985 2437 esse,
1033 2384 1230 2444 indeque
1271 2384 1436 2430 factum
1480 2391 1528 2431 ut

80 2461 325 2507 translator
363 2460 660 2507 Armeniacus
703 2474 802 2507 eum
846 2475 869 2506 a
917 2460 1142 2521 Gregorio
1187 2460 1525 2515 Illuminatore,

83 2535 289 2583 doctrina
317 2544 360 2584 et
387 2537 619 2584 laboribus
646 2537 915 2598 apostolicis
941 2537 1177 2583 exantlatis
1209 2536 1526 2592 celeberrimo,

141 2698 186 2735 (1)
212 2696 287 2729 Vid.
307 2705 402 2738 sup,
422 2706 453 2738 p.
476 2697 546 2729 ¹56.
