1737 2950
689 157 842 197 -41

98 296 287 341 namque
315 281 592 330 hominihus,
626 281 773 326 medio
802 281 843 324 in
873 294 1066 339 corpore
1094 282 1314 340 sepelitur
1351 286 1541 346 spiritus

96 358 302 404 animalis
328 365 372 404 et
397 371 535 404 sensu
574 357 801 417 privatur;
843 362 886 402 at
921 356 1120 416 Spiritus
1155 358 1376 416 coelestis,
1406 377 1540 422 quem

97 439 381 494 receperunt,
410 434 502 480 abit
527 433 580 479 ad
616 439 818 479 naturam
850 446 975 478 suam
1008 431 1063 477 ad
1097 432 1342 482 Christum.
1373 436 1541 486 Ambas

95 516 242 557 autem
268 511 347 557 has
373 510 589 556 veritates
623 524 706 555 nos
740 509 895 555 docuit
924 508 1191 568 Apostolus.
1223 510 1345 558 Dixit
1377 516 1495 560 enim
1527 533 1534 561 :

93 587 318 646 Sepelitur
353 601 513 645 eorpus
549 586 813 631 animaliter
847 592 889 631 et
917 585 1224 643 spiritualiter
1247 592 1442 648 resumit
1467 590 1536 654 (1).

97 660 300 723 Spiritus
326 663 548 723 (Sanctus)
575 668 720 708 autem
747 661 801 706 ad
833 660 1062 707 Christum
1098 663 1355 719 revertitur,
1383 667 1540 714 abiens

94 739 148 784 ad
195 745 397 785 naturam
437 753 579 786 suam.
624 739 677 782 Et
716 737 817 784 ideo
843 734 890 799 (2)
924 737 1056 783 etiam
1097 737 1211 785 dixit
1245 739 1532 801 Apostolus:

95 817 280 870 Quando
311 831 334 862 e
375 830 555 873 corpore
589 816 852 866 exierimus,
897 815 1019 872 apud
1061 815 1296 863 Dominum
1335 827 1537 867 nostrum

91 894 260 939 erimus
295 892 362 955 (3).
401 893 578 938 Etenim
611 892 664 937 ad
698 891 939 937 Dominum
975 896 1181 936 nostrum
1215 893 1307 940 abit
1342 895 1540 956 Spiritus

93 969 281 1025 Christi,
316 985 451 1031 quem
488 969 752 1030 spirituales
787 968 1037 1028 accipiunt;
1074 969 1281 1017 animalis
1306 987 1413 1019 vero
1448 976 1539 1035 spi-

92 1046 205 1093 ritus
247 1046 291 1092 in
336 1052 494 1093 natura
534 1060 612 1091 sua
655 1046 771 1091 intra
813 1059 981 1105 corpus
1024 1047 1260 1105 sepelitur,
1308 1064 1539 1111 sensuque

91 1123 306 1183 privatur.
337 1143 360 1164 »

157 1200 401 1260 Sapientiae
443 1199 758 1246 Fraternitatis
800 1205 887 1244 tuae
928 1205 1282 1247 consentaneum
1314 1208 1535 1253 05133511-

93 1292 228 1332 mare,
260 1278 534 1338 scriptorem
561 1277 687 1322 illum
727 1277 911 1322 Persam
949 1289 1038 1322 non
1076 1276 1136 1322 ita
1173 1278 1291 1325 inter
1326 1290 1536 1332 auctores

89 1353 324 1413 probatos,
354 1367 547 1414 quorum
568 1366 705 1412 opera
731 1357 836 1398 sunt
864 1351 1300 1410 irreprehensibilia,
1326 1371 1533 1419 compre-

89 1431 375 1478 hendendum
403 1445 506 1478 esse
533 1437 577 1477 et
603 1429 973 1490 computandum,
1005 1436 1052 1475 ut
1090 1431 1252 1479 exinde
1294 1437 1532 1496 cogitatio-

89 1508 220 1555 nibus
247 1508 337 1555 tuis
362 1509 545 1569 angaris
572 1514 616 1553 et
642 1507 917 1567 defatigetur
945 1519 1073 1552 1110115
1100 1512 1173 1554 tua
1198 1510 1253 1555 ad
1283 1525 1532 1574 assequen-

87 1583 186 1630 dam
213 1590 346 1645 atque
372 1584 716 1645 intelligendam
743 1583 831 1630 vim
858 1582 1059 1629 omnium
1095 1585 1334 1633 verborum
1361 1605 1461 1650 quae
1489 1593 1531 1638 in

86 1661 165 1708 illo
205 1662 322 1709 libro
363 1664 745 1709 Dissertationum
786 1661 993 1721 protulit.
1048 1662 1260 1718 Quamvis
1301 1670 1439 1723 enim,
1487 1677 1533 1717 ut

86 1752 222 1799 supra
268 1739 484 1794 diximus,
531 1739 599 1784 vir
641 1738 761 1784 acris
804 1738 976 1798 ingenii
1022 1738 1156 1786 fuerit
1202 1747 1247 1787 et
1296 1743 1531 1793 Sacrarum

86 1815 419 1876 Scripturarum
446 1817 613 1871 cultor,
644 1829 732 1861 non
758 1819 906 1860 tamen
933 1829 986 1860 ex
1014 1815 1104 1862 illis
1134 1824 1205 1863 est
1237 1820 1314 1879 qui
1346 1829 1527 1870 senten-

85 1893 169 1939 tias
213 1893 367 1940 firmas
401 1893 640 1940 doctorum
678 1893 971 1953 probatorum
1000 1893 1223 1954 legerunt.
1263 1897 1330 1942 Ad
1368 1899 1526 1948 horum

85 1983 276 2031 namque
301 1970 555 2017 doctrinam
583 1970 780 2016 animum
800 1970 1050 2025 attendere,
1073 1971 1206 2031 eique
1225 1975 1526 2034 cogitationes

84 2054 128 2093 et
167 2062 404 2095 sermones
439 2048 702 2095 conformes
741 2048 932 2094 reddere
964 2054 1168 2109 tempore
1202 2065 1285 2098 5110
1311 2055 1422 2100 etin
1452 2057 1525 2103 illa

83 2124 270 2184 regione
295 2140 382 2173 11011
415 2131 619 2186 poterat;
651 2131 696 2171 et
732 2125 834 2171 ideo
873 2125 916 2170 111
955 2125 1043 2172 isto
1079 2127 1196 2174 libro
1233 2130 1365 2177 ctiam
1397 2135 1525 2181 multi

81 2213 260 2247 errores
284 2208 329 2248 et
353 2202 610 2249 locutiones
637 2202 767 2248 valde
799 2202 1007 2249 obscurae
1034 2205 1081 2263 (4)
1107 2214 1354 2254 occurrunt
1378 2210 1416 2255 ei
1445 2213 1520 2271 qui

124 2374 172 2415 (2)
198 2375 392 2410 persuadet
418 2381 609 2411 contextus
647 2382 685 2410 111
716 2376 870 2419 praelixae
899 2389 921 2411 0
938 2377 1007 2410 vim
1027 2385 1099 2412 non
1116 2382 1354 2420 copulativam
1369 2388 1520 2429 tantum

80 2441 141 2475 sed
171 2442 387 2484 exegeticam
425 2443 649 2482 tribuamus;
683 2445 848 2478 enuntiat
875 2445 971 2478 enim
1006 2445 1080 2480 haec
1113 2448 1315 2490 propositio
1344 2453 1519 2487 rationem

80 2499 296 2539 antegressae
313 2495 576 2532 affirmationis.

122 2551 169 2591 (3)
194 2551 204 2583 l
225 2550 349 2584 Thess.
374 2553 426 2592 iv,
448 2554 499 2586 16.

123 2619 169 2659 (4)
191 2609 299 2654 1*εὸ
323 2625 388 2652 vox
403 2617 630 2661 participium
644 2623 700 2653 est
713 2619 810 2655 verbi
835 2603 932 2664 sab,
955 2602 1081 2663 Lag,
1108 2625 1204 2667 quod
1219 2626 1353 2670 saepius
1371 2629 1519 2671 quidem

79 2671 225 2713 densus,
253 2674 387 2714 spissus
414 2674 496 2714 snit.
527 2674 718 2717 significat,
750 2678 967 2721 quandoque
996 2687 1079 2712 vero
1107 2684 1142 2712 et
1164 2681 1287 2714 duruit
1306 2683 1411 2717 valet.
1433 2684 1521 2718 Hinc

1388 2739 1408 2748 -

1386 2751 1413 2778 ὅ.)
