<?xml version="1.0" encoding="UTF-8"?>
<!DOCTYPE html PUBLIC "-//W3C//DTD XHTML 1.0 Transitional//EN"
    "http://www.w3.org/TR/xhtml1/DTD/xhtml1-transitional.dtd">
<html xmlns="http://www.w3.org/1999/xhtml" xml:lang="en" lang="en">
 <head>
  <title>
</title>
<meta http-equiv="Content-Type" content="text/html;charset=utf-8" />
  <meta name='ocr-system' content='tesseract 3.04.00' />
  <meta name='ocr-capabilities' content='ocr_page ocr_carea ocr_par ocr_line ocrx_word'/>
</head>
<body>
  <div class='ocr_page' id='page_1' title='image "./devitaetscriptis00forguoft_0065.png"; bbox 0 0 1737 2950; ppageno 0'>
   <div class='ocr_carea' id='block_1_1' title="bbox 720 133 991 175">
    <p class='ocr_par' dir='ltr' id='par_1_1' title="bbox 720 133 991 175">
     <span class='ocr_line' id='line_1_1' title="bbox 720 133 991 175; baseline 0.004 -9"><span class='ocrx_word' id='word_1_1' title='bbox 720 133 991 175; x_wconf 74' lang='lat'><strong>...47—</strong></span> 
     </span>
    </p>
   </div>
   <div class='ocr_carea' id='block_1_2' title="bbox 133 259 1582 2478">
    <p class='ocr_par' dir='ltr' id='par_1_2' title="bbox 133 259 1580 939">
     <span class='ocr_line' id='line_1_2' title="bbox 136 259 1577 324; baseline 0.003 -18"><span class='ocrx_word' id='word_1_2' title='bbox 136 259 352 307; x_wconf 86' lang='lat' dir='ltr'>cadavere</span> <span class='ocrx_word' id='word_1_3' title='bbox 395 259 627 306; x_wconf 87' lang='lat' dir='ltr'>hominum</span> <span class='ocrx_word' id='word_1_4' title='bbox 676 260 913 320; x_wconf 82' lang='lat' dir='ltr'>sepelitur.</span> <span class='ocrx_word' id='word_1_5' title='bbox 967 260 1121 306; x_wconf 87' lang='lat' dir='ltr'>Planta</span> <span class='ocrx_word' id='word_1_6' title='bbox 1167 261 1312 318; x_wconf 88' lang='lat' dir='ltr'>enim,</span> <span class='ocrx_word' id='word_1_7' title='bbox 1365 265 1577 324; x_wconf 82' lang='lat' dir='ltr'>quamdiu</span> 
     </span>
     <span class='ocr_line' id='line_1_3' title="bbox 134 336 1578 397; baseline 0.005 -15"><span class='ocrx_word' id='word_1_8' title='bbox 134 337 281 383; x_wconf 89' lang='lat' dir='ltr'>anima</span> <span class='ocrx_word' id='word_1_9' title='bbox 317 336 405 397; x_wconf 89' lang='lat' dir='ltr'>ipsi</span> <span class='ocrx_word' id='word_1_10' title='bbox 442 336 578 392; x_wconf 89' lang='lat' dir='ltr'>inest,</span> <span class='ocrx_word' id='word_1_11' title='bbox 618 337 770 384; x_wconf 91' lang='lat' dir='ltr'>mollis</span> <span class='ocrx_word' id='word_1_12' title='bbox 809 341 879 384; x_wconf 89' lang='lat' dir='ltr'>est</span> <span class='ocrx_word' id='word_1_13' title='bbox 912 351 963 384; x_wconf 90' lang='lat' dir='ltr'>ac</span> <span class='ocrx_word' id='word_1_14' title='bbox 994 343 1117 384; x_wconf 85' lang='lat' dir='ltr'>recte</span> <span class='ocrx_word' id='word_1_15' title='bbox 1153 346 1436 395; x_wconf 90' lang='lat' dir='ltr'>conservata,</span> <span class='ocrx_word' id='word_1_16' title='bbox 1477 342 1578 390; x_wconf 83' lang='lat' dir='ltr'>laeta</span> 
     </span>
     <span class='ocr_line' id='line_1_4' title="bbox 135 413 1580 474; baseline 0.004 -14"><span class='ocrx_word' id='word_1_17' title='bbox 135 413 383 461; x_wconf 84' lang='lat' dir='ltr'>efflorescit</span> <span class='ocrx_word' id='word_1_18' title='bbox 407 419 451 460; x_wconf 88' lang='lat' dir='ltr'>et</span> <span class='ocrx_word' id='word_1_19' title='bbox 474 413 574 460; x_wconf 88' lang='lat' dir='ltr'>viva</span> <span class='ocrx_word' id='word_1_20' title='bbox 597 413 744 460; x_wconf 90' lang='lat' dir='ltr'>oculis</span> <span class='ocrx_word' id='word_1_21' title='bbox 769 419 981 474; x_wconf 83' lang='lat' dir='ltr'>apparet3</span> <span class='ocrx_word' id='word_1_22' title='bbox 1012 414 1147 461; x_wconf 90' lang='lat' dir='ltr'>simul</span> <span class='ocrx_word' id='word_1_23' title='bbox 1174 430 1225 462; x_wconf 86' lang='lat' dir='ltr'>ac</span> <span class='ocrx_word' id='word_1_24' title='bbox 1251 417 1305 463; x_wconf 90' lang='lat' dir='ltr'>ab</span> <span class='ocrx_word' id='word_1_25' title='bbox 1331 431 1381 464; x_wconf 90' lang='lat' dir='ltr'>ea</span> <span class='ocrx_word' id='word_1_26' title='bbox 1406 419 1580 466; x_wconf 80' lang='lat' dir='ltr'>recedit</span> 
     </span>
     <span class='ocr_line' id='line_1_5' title="bbox 135 489 1578 557; baseline 0.004 -21"><span class='ocrx_word' id='word_1_27' title='bbox 135 490 298 545; x_wconf 88' lang='lat' dir='ltr'>anima,</span> <span class='ocrx_word' id='word_1_28' title='bbox 338 489 450 537; x_wconf 91' lang='lat' dir='ltr'>dura</span> <span class='ocrx_word' id='word_1_29' title='bbox 493 490 542 537; x_wconf 81' lang='lat' dir='ltr'>fit</span> <span class='ocrx_word' id='word_1_30' title='bbox 584 496 718 552; x_wconf 89' lang='lat' dir='ltr'>atque</span> <span class='ocrx_word' id='word_1_31' title='bbox 758 491 898 545; x_wconf 87' lang='lat' dir='ltr'>arida,</span> <span class='ocrx_word' id='word_1_32' title='bbox 939 493 1247 552; x_wconf 89' lang='lat' dir='ltr'>corrumpitur</span> <span class='ocrx_word' id='word_1_33' title='bbox 1289 500 1333 540; x_wconf 89' lang='lat' dir='ltr'>et</span> <span class='ocrx_word' id='word_1_34' title='bbox 1367 501 1578 557; x_wconf 86' lang='lat' dir='ltr'><strong>tanquam</strong></span> 
     </span>
     <span class='ocr_line' id='line_1_6' title="bbox 135 567 1577 634; baseline 0.004 -20"><span class='ocrx_word' id='word_1_35' title='bbox 135 573 355 615; x_wconf 88' lang='lat' dir='ltr'>mortuam</span> <span class='ocrx_word' id='word_1_36' title='bbox 398 581 502 615; x_wconf 84' lang='lat' dir='ltr'>sese</span> <span class='ocrx_word' id='word_1_37' title='bbox 538 568 684 615; x_wconf 88' lang='lat' dir='ltr'>oculis</span> <span class='ocrx_word' id='word_1_38' title='bbox 719 568 916 615; x_wconf 89' lang='lat' dir='ltr'>exhibet.</span> <span class='ocrx_word' id='word_1_39' title='bbox 962 567 1121 616; x_wconf 90' lang='lat' dir='ltr'>Anima</span> <span class='ocrx_word' id='word_1_40' title='bbox 1157 585 1265 618; x_wconf 88' lang='lat' dir='ltr'>vero</span> <span class='ocrx_word' id='word_1_41' title='bbox 1308 571 1399 628; x_wconf 89' lang='lat' dir='ltr'>illa,</span> <span class='ocrx_word' id='word_1_42' title='bbox 1445 589 1577 634; x_wconf 89' lang='lat' dir='ltr'>quam</span> 
     </span>
     <span class='ocr_line' id='line_1_7' title="bbox 133 644 1576 706; baseline 0.005 -16"><span class='ocrx_word' id='word_1_43' title='bbox 133 644 244 692; x_wconf 90' lang='lat' dir='ltr'>dicit</span> <span class='ocrx_word' id='word_1_44' title='bbox 268 651 426 692; x_wconf 79' lang='lat' dir='ltr'>auctor</span> <span class='ocrx_word' id='word_1_45' title='bbox 451 645 538 692; x_wconf 89' lang='lat' dir='ltr'>iste</span> <span class='ocrx_word' id='word_1_46' title='bbox 560 646 697 691; x_wconf 90' lang='lat' dir='ltr'>Persa</span> <span class='ocrx_word' id='word_1_47' title='bbox 723 651 828 706; x_wconf 89' lang='lat' dir='ltr'>post</span> <span class='ocrx_word' id='word_1_48' title='bbox 847 645 1078 692; x_wconf 90' lang='lat' dir='ltr'>hominum</span> <span class='ocrx_word' id='word_1_49' title='bbox 1105 653 1294 694; x_wconf 90' lang='lat' dir='ltr'>mortem</span> <span class='ocrx_word' id='word_1_50' title='bbox 1322 648 1438 696; x_wconf 89' lang='lat' dir='ltr'>intra</span> <span class='ocrx_word' id='word_1_51' title='bbox 1475 665 1576 698; x_wconf 90' lang='lat' dir='ltr'>cor·</span> 
     </span>
     <span class='ocr_line' id='line_1_8' title="bbox 135 722 1579 786; baseline 0.004 -17"><span class='ocrx_word' id='word_1_52' title='bbox 135 736 221 782; x_wconf 93' lang='lat' dir='ltr'>pus</span> <span class='ocrx_word' id='word_1_53' title='bbox 257 722 462 783; x_wconf 89' lang='lat' dir='ltr'>sepeliri,</span> <span class='ocrx_word' id='word_1_54' title='bbox 492 722 578 768; x_wconf 91' lang='lat' dir='ltr'>hoc</span> <span class='ocrx_word' id='word_1_55' title='bbox 615 735 761 783; x_wconf 89' lang='lat' dir='ltr'>neque</span> <span class='ocrx_word' id='word_1_56' title='bbox 799 727 892 768; x_wconf 89' lang='lat' dir='ltr'>tres</span> <span class='ocrx_word' id='word_1_57' title='bbox 929 722 1028 769; x_wconf 92' lang='lat' dir='ltr'>dies</span> <span class='ocrx_word' id='word_1_58' title='bbox 1066 723 1271 786; x_wconf 85' lang='lat' dir='ltr'>integros</span> <span class='ocrx_word' id='word_1_59' title='bbox 1309 740 1579 775; x_wconf 88' lang='lat' dir='ltr'>conservare</span> 
     </span>
     <span class='ocr_line' id='line_1_9' title="bbox 133 799 1578 862; baseline 0.003 -16"><span class='ocrx_word' id='word_1_60' title='bbox 133 799 251 846; x_wconf 90' lang='lat' dir='ltr'>valet</span> <span class='ocrx_word' id='word_1_61' title='bbox 275 814 299 846; x_wconf 92' lang='lat' dir='ltr'>a</span> <span class='ocrx_word' id='word_1_62' title='bbox 323 799 644 854; x_wconf 83' lang='lat' dir='ltr'>dissolutione,</span> <span class='ocrx_word' id='word_1_63' title='bbox 669 799 970 860; x_wconf 88' lang='lat' dir='ltr'>dissipatione</span> <span class='ocrx_word' id='word_1_64' title='bbox 987 805 1031 846; x_wconf 93' lang='lat' dir='ltr'>et</span> <span class='ocrx_word' id='word_1_65' title='bbox 1050 802 1342 862; x_wconf 79' lang='lat' dir='ltr'>corruptione</span> <span class='ocrx_word' id='word_1_66' title='bbox 1363 803 1407 849; x_wconf 92' lang='lat' dir='ltr'>in</span> <span class='ocrx_word' id='word_1_67' title='bbox 1429 804 1578 852; x_wconf 90' lang='lat' dir='ltr'>medio</span> 
     </span>
     <span class='ocr_line' id='line_1_10' title="bbox 135 877 606 939; baseline -0.002 -15"><span class='ocrx_word' id='word_1_68' title='bbox 135 877 379 938; x_wconf 87' lang='lat' dir='ltr'>sepulchro</span> <span class='ocrx_word' id='word_1_69' title='bbox 405 877 606 939; x_wconf 86' lang='lat' dir='ltr'>vigente.</span> 
     </span>
    </p>

    <p class='ocr_par' dir='ltr' id='par_1_3' title="bbox 135 954 1581 1557">
     <span class='ocr_line' id='line_1_11' title="bbox 201 954 1578 1019; baseline 0.003 -19"><span class='ocrx_word' id='word_1_70' title='bbox 201 955 249 1001; x_wconf 86' lang='lat' dir='ltr'>In</span> <span class='ocrx_word' id='word_1_71' title='bbox 287 954 494 1001; x_wconf 92' lang='lat' dir='ltr'>eumdem</span> <span class='ocrx_word' id='word_1_72' title='bbox 532 967 736 1001; x_wconf 89' lang='lat' dir='ltr'>errorum</span> <span class='ocrx_word' id='word_1_73' title='bbox 771 967 958 1001; x_wconf 89' lang='lat' dir='ltr'>censum</span> <span class='ocrx_word' id='word_1_74' title='bbox 997 954 1233 1002; x_wconf 89' lang='lat' dir='ltr'>referenda</span> <span class='ocrx_word' id='word_1_75' title='bbox 1263 954 1311 1019; x_wconf 76' lang='grc'>(1)</span> <span class='ocrx_word' id='word_1_76' title='bbox 1338 957 1470 1003; x_wconf 89' lang='lat' dir='ltr'>etiam</span> <span class='ocrx_word' id='word_1_77' title='bbox 1503 958 1578 1005; x_wconf 90' lang='lat' dir='ltr'>illa</span> 
     </span>
     <span class='ocr_line' id='line_1_12' title="bbox 135 1031 1580 1095; baseline 0.003 -17"><span class='ocrx_word' id='word_1_78' title='bbox 135 1031 219 1078; x_wconf 92' lang='lat' dir='ltr'>alia</span> <span class='ocrx_word' id='word_1_79' title='bbox 259 1031 473 1086; x_wconf 82' lang='lat' dir='ltr'>assertio,</span> <span class='ocrx_word' id='word_1_80' title='bbox 511 1031 730 1092; x_wconf 86' lang='lat' dir='ltr'>Spiritum</span> <span class='ocrx_word' id='word_1_81' title='bbox 768 1031 999 1086; x_wconf 88' lang='lat' dir='ltr'>Sanctum,</span> <span class='ocrx_word' id='word_1_82' title='bbox 1036 1046 1170 1092; x_wconf 91' lang='lat' dir='ltr'>quem</span> <span class='ocrx_word' id='word_1_83' title='bbox 1207 1047 1308 1080; x_wconf 88' lang='lat' dir='ltr'>cum</span> <span class='ocrx_word' id='word_1_84' title='bbox 1347 1035 1580 1095; x_wconf 90' lang='lat' dir='ltr'>Baptismo</span> 
     </span>
     <span class='ocr_line' id='line_1_13' title="bbox 135 1109 1578 1170; baseline 0.004 -15"><span class='ocrx_word' id='word_1_85' title='bbox 135 1109 362 1170; x_wconf 87' lang='lat' dir='ltr'>recipiunt</span> <span class='ocrx_word' id='word_1_86' title='bbox 397 1109 622 1164; x_wconf 90' lang='lat' dir='ltr'>homines,</span> <span class='ocrx_word' id='word_1_87' title='bbox 653 1109 788 1155; x_wconf 91' lang='lat' dir='ltr'>simul</span> <span class='ocrx_word' id='word_1_88' title='bbox 819 1115 954 1170; x_wconf 89' lang='lat' dir='ltr'>atque</span> <span class='ocrx_word' id='word_1_89' title='bbox 980 1109 1024 1155; x_wconf 91' lang='lat' dir='ltr'>hi</span> <span class='ocrx_word' id='word_1_90' title='bbox 1051 1110 1322 1167; x_wconf 87' lang='lat' dir='ltr'>moriuntur,</span> <span class='ocrx_word' id='word_1_91' title='bbox 1364 1113 1488 1160; x_wconf 87' lang='lat' dir='ltr'>abire</span> <span class='ocrx_word' id='word_1_92' title='bbox 1525 1115 1578 1161; x_wconf 89' lang='lat' dir='ltr'>ad</span> 
     </span>
     <span class='ocr_line' id='line_1_14' title="bbox 136 1186 1581 1245; baseline 0.003 -13"><span class='ocrx_word' id='word_1_93' title='bbox 136 1193 336 1234; x_wconf 88' lang='lat' dir='ltr'>naturam</span> <span class='ocrx_word' id='word_1_94' title='bbox 364 1200 489 1233; x_wconf 92' lang='lat' dir='ltr'>suam</span> <span class='ocrx_word' id='word_1_95' title='bbox 516 1186 569 1232; x_wconf 90' lang='lat' dir='ltr'>ad</span> <span class='ocrx_word' id='word_1_96' title='bbox 598 1186 856 1240; x_wconf 88' lang='lat' dir='ltr'>Christum;</span> <span class='ocrx_word' id='word_1_97' title='bbox 887 1186 992 1233; x_wconf 87' lang='lat' dir='ltr'>item</span> <span class='ocrx_word' id='word_1_98' title='bbox 1019 1187 1115 1234; x_wconf 86' lang='lat' dir='ltr'>haec</span> <span class='ocrx_word' id='word_1_99' title='bbox 1141 1188 1383 1245; x_wconf 85' lang='lat' dir='ltr'>sententia,</span> <span class='ocrx_word' id='word_1_100' title='bbox 1414 1191 1466 1236; x_wconf 90' lang='lat' dir='ltr'>ad</span> <span class='ocrx_word' id='word_1_101' title='bbox 1495 1193 1581 1238; x_wconf 90' lang='lat' dir='ltr'>Do-</span> 
     </span>
     <span class='ocr_line' id='line_1_15' title="bbox 136 1263 1579 1328; baseline 0.004 -19"><span class='ocrx_word' id='word_1_102' title='bbox 136 1264 304 1309; x_wconf 89' lang='lat' dir='ltr'>minum</span> <span class='ocrx_word' id='word_1_103' title='bbox 334 1269 538 1310; x_wconf 87' lang='lat' dir='ltr'>nostrum</span> <span class='ocrx_word' id='word_1_104' title='bbox 576 1263 794 1324; x_wconf 88' lang='lat' dir='ltr'>Spiritum</span> <span class='ocrx_word' id='word_1_105' title='bbox 821 1264 989 1310; x_wconf 84' lang='lat' dir='ltr'>Christi</span> <span class='ocrx_word' id='word_1_106' title='bbox 1024 1265 1273 1324; x_wconf 87' lang='lat' dir='ltr'>proficisci.</span> <span class='ocrx_word' id='word_1_107' title='bbox 1303 1267 1579 1328; x_wconf 87' lang='lat' dir='ltr'>Quamquam</span> 
     </span>
     <span class='ocr_line' id='line_1_16' title="bbox 136 1341 1580 1403; baseline 0.004 -17"><span class='ocrx_word' id='word_1_108' title='bbox 136 1341 292 1388; x_wconf 90' lang='lat' dir='ltr'>nescio</span> <span class='ocrx_word' id='word_1_109' title='bbox 318 1355 405 1403; x_wconf 85' lang='lat' dir='ltr'>ego</span> <span class='ocrx_word' id='word_1_110' title='bbox 431 1341 539 1402; x_wconf 93' lang='lat' dir='ltr'>quid</span> <span class='ocrx_word' id='word_1_111' title='bbox 566 1341 789 1402; x_wconf 81' lang='lat' dir='ltr'>intelligat</span> <span class='ocrx_word' id='word_1_112' title='bbox 813 1341 994 1388; x_wconf 90' lang='lat' dir='ltr'>nomine</span> <span class='ocrx_word' id='word_1_113' title='bbox 1032 1342 1211 1388; x_wconf 90' lang='lat' dir='ltr'>Domini</span> <span class='ocrx_word' id='word_1_114' title='bbox 1249 1344 1394 1389; x_wconf 85' lang='lat' dir='ltr'>nostri</span> <span class='ocrx_word' id='word_1_115' title='bbox 1432 1345 1580 1392; x_wconf 91' lang='lat' dir='ltr'>diver-</span> 
     </span>
     <span class='ocr_line' id='line_1_17' title="bbox 135 1418 1581 1482; baseline 0.003 -17"><span class='ocrx_word' id='word_1_116' title='bbox 135 1433 234 1466; x_wconf 89' lang='lat' dir='ltr'>sum</span> <span class='ocrx_word' id='word_1_117' title='bbox 260 1434 284 1465; x_wconf 88' lang='lat' dir='ltr'>a</span> <span class='ocrx_word' id='word_1_118' title='bbox 310 1419 510 1474; x_wconf 87' lang='lat' dir='ltr'>Christo,</span> <span class='ocrx_word' id='word_1_119' title='bbox 536 1434 623 1480; x_wconf 91' lang='lat' dir='ltr'>qua</span> <span class='ocrx_word' id='word_1_120' title='bbox 641 1419 684 1464; x_wconf 91' lang='lat' dir='ltr'>in</span> <span class='ocrx_word' id='word_1_121' title='bbox 708 1433 757 1465; x_wconf 93' lang='lat' dir='ltr'>re</span> <span class='ocrx_word' id='word_1_122' title='bbox 780 1418 1006 1466; x_wconf 90' lang='lat' dir='ltr'>hebetudo</span> <span class='ocrx_word' id='word_1_123' title='bbox 1030 1419 1235 1480; x_wconf 84' lang='lat' dir='ltr'>quaedam</span> <span class='ocrx_word' id='word_1_124' title='bbox 1256 1427 1299 1467; x_wconf 90' lang='lat' dir='ltr'>et</span> <span class='ocrx_word' id='word_1_125' title='bbox 1326 1421 1581 1482; x_wconf 82' lang='lat' dir='ltr'>ignorantia</span> 
     </span>
     <span class='ocr_line' id='line_1_18' title="bbox 135 1495 805 1557; baseline -0.003 -13"><span class='ocrx_word' id='word_1_126' title='bbox 135 1510 288 1544; x_wconf 89' lang='lat' dir='ltr'>crassa</span> <span class='ocrx_word' id='word_1_127' title='bbox 313 1495 362 1557; x_wconf 71' lang='lat' dir='ltr'>(a)</span> <span class='ocrx_word' id='word_1_128' title='bbox 388 1495 805 1557; x_wconf 90' lang='lat' dir='ltr'>deprehenduntur.</span> 
     </span>
    </p>

    <p class='ocr_par' dir='ltr' id='par_1_4' title="bbox 135 1572 1582 2478">
     <span class='ocr_line' id='line_1_19' title="bbox 203 1572 1581 1637; baseline 0.004 -19"><span class='ocrx_word' id='word_1_129' title='bbox 203 1573 325 1620; x_wconf 91' lang='lat' dir='ltr'>Idem</span> <span class='ocrx_word' id='word_1_130' title='bbox 351 1572 594 1620; x_wconf 91' lang='lat' dir='ltr'>dicendum</span> <span class='ocrx_word' id='word_1_131' title='bbox 621 1572 754 1619; x_wconf 91' lang='lat' dir='ltr'>etiam</span> <span class='ocrx_word' id='word_1_132' title='bbox 780 1572 836 1619; x_wconf 90' lang='lat' dir='ltr'>de</span> <span class='ocrx_word' id='word_1_133' title='bbox 863 1572 919 1618; x_wconf 92' lang='lat' dir='ltr'>iis</span> <span class='ocrx_word' id='word_1_134' title='bbox 947 1587 1048 1633; x_wconf 86' lang='lat' dir='ltr'>quae</span> <span class='ocrx_word' id='word_1_135' title='bbox 1074 1573 1294 1630; x_wconf 88' lang='lat' dir='ltr'>subdidit,</span> <span class='ocrx_word' id='word_1_136' title='bbox 1321 1576 1455 1636; x_wconf 90' lang='lat' dir='ltr'>paulo</span> <span class='ocrx_word' id='word_1_137' title='bbox 1477 1583 1581 1637; x_wconf 90' lang='lat' dir='ltr'>post</span> 
     </span>
     <span class='ocr_line' id='line_1_20' title="bbox 135 1650 1579 1713; baseline 0.002 -16"><span class='ocrx_word' id='word_1_138' title='bbox 135 1651 344 1697; x_wconf 91' lang='lat' dir='ltr'>scribens</span> <span class='ocrx_word' id='word_1_139' title='bbox 375 1667 383 1697; x_wconf 93' lang='grc'>;</span> <span class='ocrx_word' id='word_1_140' title='bbox 416 1669 439 1692; x_wconf 87' lang='grc'>«</span> <span class='ocrx_word' id='word_1_141' title='bbox 466 1650 664 1711; x_wconf 89' lang='lat' dir='ltr'>Spiritus</span> <span class='ocrx_word' id='word_1_142' title='bbox 701 1650 820 1696; x_wconf 91' lang='lat' dir='ltr'>enim</span> <span class='ocrx_word' id='word_1_143' title='bbox 846 1650 926 1696; x_wconf 91' lang='lat' dir='ltr'>Dei</span> <span class='ocrx_word' id='word_1_144' title='bbox 962 1650 1000 1696; x_wconf 91' lang='lat' dir='ltr'>si</span> <span class='ocrx_word' id='word_1_145' title='bbox 1037 1651 1092 1697; x_wconf 88' lang='lat' dir='ltr'>ab</span> <span class='ocrx_word' id='word_1_146' title='bbox 1118 1652 1268 1713; x_wconf 91' lang='lat' dir='ltr'>aliquo</span> <span class='ocrx_word' id='word_1_147' title='bbox 1295 1660 1501 1700; x_wconf 89' lang='lat' dir='ltr'>servetur</span> <span class='ocrx_word' id='word_1_148' title='bbox 1536 1655 1579 1700; x_wconf 91' lang='lat' dir='ltr'>in</span> 
     </span>
     <span class='ocr_line' id='line_1_21' title="bbox 135 1726 1574 1790; baseline 0.002 -16"><span class='ocrx_word' id='word_1_149' title='bbox 135 1728 346 1788; x_wconf 84' lang='lat' dir='ltr'>puritate,</span> <span class='ocrx_word' id='word_1_150' title='bbox 377 1727 558 1788; x_wconf 89' lang='lat' dir='ltr'>quando</span> <span class='ocrx_word' id='word_1_151' title='bbox 584 1726 676 1774; x_wconf 87' lang='lat' dir='ltr'>abit</span> <span class='ocrx_word' id='word_1_152' title='bbox 699 1727 752 1773; x_wconf 90' lang='lat' dir='ltr'>ad</span> <span class='ocrx_word' id='word_1_153' title='bbox 781 1726 1029 1782; x_wconf 80' lang='lat' dir='ltr'>Christum,</span> <span class='ocrx_word' id='word_1_154' title='bbox 1061 1728 1128 1775; x_wconf 90' lang='lat' dir='ltr'>sic</span> <span class='ocrx_word' id='word_1_155' title='bbox 1154 1743 1254 1775; x_wconf 91' lang='lat' dir='ltr'>eum</span> <span class='ocrx_word' id='word_1_156' title='bbox 1291 1730 1537 1790; x_wconf 90' lang='lat' dir='ltr'>alloquitur</span> <span class='ocrx_word' id='word_1_157' title='bbox 1566 1748 1574 1778; x_wconf 87' lang='lat'>:</span> 
     </span>
     <span class='ocr_line' id='line_1_22' title="bbox 137 1803 1576 1865; baseline 0.002 -15"><span class='ocrx_word' id='word_1_158' title='bbox 137 1803 314 1864; x_wconf 89' lang='lat' dir='ltr'>Corpus</span> <span class='ocrx_word' id='word_1_159' title='bbox 341 1803 395 1849; x_wconf 91' lang='lat' dir='ltr'>ad</span> <span class='ocrx_word' id='word_1_160' title='bbox 423 1803 544 1864; x_wconf 92' lang='lat' dir='ltr'>quod</span> <span class='ocrx_word' id='word_1_161' title='bbox 565 1804 686 1858; x_wconf 90' lang='lat' dir='ltr'>veni,</span> <span class='ocrx_word' id='word_1_162' title='bbox 710 1803 925 1864; x_wconf 88' lang='lat' dir='ltr'>quodque</span> <span class='ocrx_word' id='word_1_163' title='bbox 951 1818 1003 1850; x_wconf 88' lang='lat' dir='ltr'>ex</span> <span class='ocrx_word' id='word_1_164' title='bbox 1029 1805 1159 1865; x_wconf 88' lang='lat' dir='ltr'>aquis</span> <span class='ocrx_word' id='word_1_165' title='bbox 1185 1806 1404 1865; x_wconf 88' lang='lat' dir='ltr'>Baptismi</span> <span class='ocrx_word' id='word_1_166' title='bbox 1433 1807 1576 1863; x_wconf 89' lang='lat' dir='ltr'>indui,</span> 
     </span>
     <span class='ocr_line' id='line_1_23' title="bbox 137 1879 1580 1942; baseline 0.004 -18"><span class='ocrx_word' id='word_1_167' title='bbox 137 1879 179 1924; x_wconf 91' lang='lat' dir='ltr'>in</span> <span class='ocrx_word' id='word_1_168' title='bbox 223 1879 402 1939; x_wconf 83' lang='lat' dir='ltr'>justitia</span> <span class='ocrx_word' id='word_1_169' title='bbox 450 1893 520 1925; x_wconf 91' lang='lat' dir='ltr'>me</span> <span class='ocrx_word' id='word_1_170' title='bbox 569 1880 780 1926; x_wconf 89' lang='lat' dir='ltr'>servavit.</span> <span class='ocrx_word' id='word_1_171' title='bbox 834 1880 889 1926; x_wconf 90' lang='lat' dir='ltr'>Et</span> <span class='ocrx_word' id='word_1_172' title='bbox 936 1881 1099 1927; x_wconf 80' lang='lat' dir='ltr'>excitat</span> <span class='ocrx_word' id='word_1_173' title='bbox 1141 1882 1338 1942; x_wconf 89' lang='lat' dir='ltr'>Spiritus</span> <span class='ocrx_word' id='word_1_174' title='bbox 1388 1883 1580 1930; x_wconf 88' lang='lat' dir='ltr'>Sanctus</span> 
     </span>
     <span class='ocr_line' id='line_1_24' title="bbox 136 1956 1579 2019; baseline 0.003 -17"><span class='ocrx_word' id='word_1_175' title='bbox 136 1956 366 2003; x_wconf 90' lang='lat' dir='ltr'>Christum</span> <span class='ocrx_word' id='word_1_176' title='bbox 393 1956 447 2002; x_wconf 90' lang='lat' dir='ltr'>ad</span> <span class='ocrx_word' id='word_1_177' title='bbox 475 1956 819 2002; x_wconf 86' lang='lat' dir='ltr'>suscitationem</span> <span class='ocrx_word' id='word_1_178' title='bbox 845 1957 1053 2017; x_wconf 89' lang='lat' dir='ltr'>corporis</span> <span class='ocrx_word' id='word_1_179' title='bbox 1080 1958 1200 2018; x_wconf 90' lang='lat' dir='ltr'>quod</span> <span class='ocrx_word' id='word_1_180' title='bbox 1221 1972 1270 2004; x_wconf 90' lang='lat' dir='ltr'>se</span> <span class='ocrx_word' id='word_1_181' title='bbox 1295 1973 1405 2019; x_wconf 92' lang='lat' dir='ltr'>pure</span> <span class='ocrx_word' id='word_1_182' title='bbox 1425 1968 1579 2006; x_wconf 87' lang='lat' dir='ltr'>custo-</span> 
     </span>
     <span class='ocr_line' id='line_1_25' title="bbox 135 2032 1579 2093; baseline 0.003 -15"><span class='ocrx_word' id='word_1_183' title='bbox 135 2033 262 2087; x_wconf 91' lang='lat' dir='ltr'>divit,</span> <span class='ocrx_word' id='word_1_184' title='bbox 302 2033 593 2093; x_wconf 86' lang='lat' dir='ltr'>postulatque</span> <span class='ocrx_word' id='word_1_185' title='bbox 636 2032 755 2079; x_wconf 88' lang='lat' dir='ltr'>idem</span> <span class='ocrx_word' id='word_1_186' title='bbox 799 2033 996 2093; x_wconf 85' lang='lat' dir='ltr'>Spiritus</span> <span class='ocrx_word' id='word_1_187' title='bbox 1041 2048 1200 2080; x_wconf 83' lang='lat' dir='ltr'>novam</span> <span class='ocrx_word' id='word_1_188' title='bbox 1243 2036 1312 2081; x_wconf 91' lang='lat' dir='ltr'>sui</span> <span class='ocrx_word' id='word_1_189' title='bbox 1357 2050 1458 2082; x_wconf 91' lang='lat' dir='ltr'>eum</span> <span class='ocrx_word' id='word_1_190' title='bbox 1501 2037 1579 2083; x_wconf 94' lang='lat' dir='ltr'>illo</span> 
     </span>
     <span class='ocr_line' id='line_1_26' title="bbox 135 2110 1580 2174; baseline 0.001 -16"><span class='ocrx_word' id='word_1_191' title='bbox 135 2111 519 2172; x_wconf 85' lang='lat' dir='ltr'>conjunctionem,</span> <span class='ocrx_word' id='word_1_192' title='bbox 557 2111 601 2156; x_wconf 91' lang='lat' dir='ltr'>in</span> <span class='ocrx_word' id='word_1_193' title='bbox 639 2125 740 2157; x_wconf 92' lang='lat' dir='ltr'>eum</span> <span class='ocrx_word' id='word_1_194' title='bbox 780 2110 913 2157; x_wconf 84' lang='lat' dir='ltr'>finem</span> <span class='ocrx_word' id='word_1_195' title='bbox 957 2117 1004 2157; x_wconf 88' lang='lat' dir='ltr'>ut</span> <span class='ocrx_word' id='word_1_196' title='bbox 1041 2125 1209 2174; x_wconf 90' lang='lat' dir='ltr'>corpus</span> <span class='ocrx_word' id='word_1_197' title='bbox 1248 2112 1291 2158; x_wconf 92' lang='lat' dir='ltr'>in</span> <span class='ocrx_word' id='word_1_198' title='bbox 1327 2114 1473 2173; x_wconf 82' lang='lat' dir='ltr'>gloria</span> <span class='ocrx_word' id='word_1_199' title='bbox 1510 2128 1580 2160; x_wconf 92' lang='lat' dir='ltr'>re-</span> 
     </span>
     <span class='ocr_line' id='line_1_27' title="bbox 136 2187 1581 2250; baseline 0.001 -16"><span class='ocrx_word' id='word_1_200' title='bbox 136 2194 308 2250; x_wconf 86' lang='lat' dir='ltr'>surgat.</span> <span class='ocrx_word' id='word_1_201' title='bbox 351 2187 415 2233; x_wconf 85' lang='lat' dir='ltr'>Ex</span> <span class='ocrx_word' id='word_1_202' title='bbox 453 2187 531 2234; x_wconf 95' lang='lat' dir='ltr'>illo</span> <span class='ocrx_word' id='word_1_203' title='bbox 574 2193 722 2233; x_wconf 90' lang='lat' dir='ltr'>autem</span> <span class='ocrx_word' id='word_1_204' title='bbox 766 2187 947 2234; x_wconf 91' lang='lat' dir='ltr'>homine</span> <span class='ocrx_word' id='word_1_205' title='bbox 990 2188 1067 2248; x_wconf 84' lang='lat' dir='ltr'>qui</span> <span class='ocrx_word' id='word_1_206' title='bbox 1109 2188 1326 2249; x_wconf 87' lang='lat' dir='ltr'>Spiritum</span> <span class='ocrx_word' id='word_1_207' title='bbox 1373 2204 1425 2236; x_wconf 85' lang='lat' dir='ltr'>ex</span> <span class='ocrx_word' id='word_1_208' title='bbox 1467 2205 1581 2250; x_wconf 87' lang='lat' dir='ltr'>aqua</span> 
     </span>
     <span class='ocr_line' id='line_1_28' title="bbox 136 2264 1582 2326; baseline 0.001 -14"><span class='ocrx_word' id='word_1_209' title='bbox 136 2271 370 2326; x_wconf 87' lang='lat' dir='ltr'>acceptum</span> <span class='ocrx_word' id='word_1_210' title='bbox 395 2270 525 2311; x_wconf 87' lang='lat' dir='ltr'>vexat</span> <span class='ocrx_word' id='word_1_211' title='bbox 550 2264 785 2325; x_wconf 84' lang='lat' dir='ltr'>egreditur</span> <span class='ocrx_word' id='word_1_212' title='bbox 810 2264 1008 2325; x_wconf 85' lang='lat' dir='ltr'>Spiritus</span> <span class='ocrx_word' id='word_1_213' title='bbox 1033 2271 1135 2312; x_wconf 88' lang='lat' dir='ltr'>ante</span> <span class='ocrx_word' id='word_1_214' title='bbox 1176 2272 1365 2312; x_wconf 87' lang='lat' dir='ltr'>mortem</span> <span class='ocrx_word' id='word_1_215' title='bbox 1392 2267 1507 2326; x_wconf 84' lang='lat' dir='ltr'>ejus,</span> <span class='ocrx_word' id='word_1_216' title='bbox 1537 2272 1582 2314; x_wconf 87' lang='lat' dir='ltr'>et</span> 
     </span>
     <span class='ocr_line' id='line_1_29' title="bbox 136 2341 1579 2403; baseline 0.001 -15"><span class='ocrx_word' id='word_1_217' title='bbox 136 2342 228 2388; x_wconf 87' lang='lat' dir='ltr'>abit</span> <span class='ocrx_word' id='word_1_218' title='bbox 252 2342 304 2388; x_wconf 94' lang='lat' dir='ltr'>ad</span> <span class='ocrx_word' id='word_1_219' title='bbox 331 2347 534 2388; x_wconf 90' lang='lat' dir='ltr'>naturam</span> <span class='ocrx_word' id='word_1_220' title='bbox 560 2355 685 2387; x_wconf 90' lang='lat' dir='ltr'>suam</span> <span class='ocrx_word' id='word_1_221' title='bbox 711 2341 766 2386; x_wconf 90' lang='lat' dir='ltr'>ad</span> <span class='ocrx_word' id='word_1_222' title='bbox 787 2341 1035 2397; x_wconf 85' lang='lat' dir='ltr'>Christum,</span> <span class='ocrx_word' id='word_1_223' title='bbox 1059 2343 1176 2403; x_wconf 90' lang='lat' dir='ltr'>apud</span> <span class='ocrx_word' id='word_1_224' title='bbox 1198 2358 1331 2403; x_wconf 92' lang='lat' dir='ltr'>quem</span> <span class='ocrx_word' id='word_1_225' title='bbox 1353 2344 1579 2401; x_wconf 86' lang='lat' dir='ltr'>hominem</span> 
     </span>
     <span class='ocr_line' id='line_1_30' title="bbox 137 2417 1579 2478; baseline 0.002 -13"><span class='ocrx_word' id='word_1_226' title='bbox 137 2419 213 2478; x_wconf 92' lang='lat' dir='ltr'>qui</span> <span class='ocrx_word' id='word_1_227' title='bbox 239 2432 289 2464; x_wconf 90' lang='lat' dir='ltr'>se</span> <span class='ocrx_word' id='word_1_228' title='bbox 312 2417 489 2466; x_wconf 87' lang='lat' dir='ltr'>vexavit</span> <span class='ocrx_word' id='word_1_229' title='bbox 513 2423 712 2465; x_wconf 89' lang='lat' dir='ltr'>accusat.</span> <span class='ocrx_word' id='word_1_230' title='bbox 744 2418 886 2465; x_wconf 88' lang='lat' dir='ltr'>Porro</span> <span class='ocrx_word' id='word_1_231' title='bbox 919 2419 1185 2466; x_wconf 89' lang='lat' dir='ltr'>adveniente</span> <span class='ocrx_word' id='word_1_232' title='bbox 1227 2422 1579 2468; x_wconf 86' lang='lat' dir='ltr'>consummatio-</span> 
     </span>
    </p>
   </div>
   <div class='ocr_carea' id='block_1_3' title="bbox 140 2585 1580 2687">
    <p class='ocr_par' dir='ltr' id='par_1_5' title="bbox 140 2585 1580 2687">
     <span class='ocr_line' id='line_1_31' title="bbox 180 2585 1580 2636; baseline 0.002 -9"><span class='ocrx_word' id='word_1_233' title='bbox 180 2595 226 2636; x_wconf 74' lang='lat'>(2)</span> <span class='ocrx_word' id='word_1_234' title='bbox 251 2586 416 2632; x_wconf 56' lang='lat' dir='ltr'>mmm</span> <span class='ocrx_word' id='word_1_235' title='bbox 442 2586 625 2633; x_wconf 46' lang='lat' dir='ltr'>llo-242..</span> <span class='ocrx_word' id='word_1_236' title='bbox 653 2585 701 2632; x_wconf 75' lang='lat' dir='ltr'>llo</span> <span class='ocrx_word' id='word_1_237' title='bbox 722 2587 884 2634; x_wconf 54' lang='lat' dir='ltr'>lamb</span> <span class='ocrx_word' id='word_1_238' title='bbox 911 2614 920 2624; x_wconf 86' lang='lat'><strong>·</strong></span> <span class='ocrx_word' id='word_1_239' title='bbox 953 2596 1002 2630; x_wconf 79' lang='lat' dir='ltr'>Ad</span> <span class='ocrx_word' id='word_1_240' title='bbox 1030 2596 1182 2631; x_wconf 82' lang='lat' dir='ltr'>litteram</span> <span class='ocrx_word' id='word_1_241' title='bbox 1209 2596 1285 2630; x_wconf 85' lang='lat' dir='ltr'>haec</span> <span class='ocrx_word' id='word_1_242' title='bbox 1314 2596 1360 2631; x_wconf 88' lang='lat' dir='ltr'>ita</span> <span class='ocrx_word' id='word_1_243' title='bbox 1391 2596 1580 2631; x_wconf 80' lang='lat' dir='ltr'>redderen-</span> 
     </span>
     <span class='ocr_line' id='line_1_32' title="bbox 140 2649 796 2687; baseline 0.008 -5"><span class='ocrx_word' id='word_1_244' title='bbox 140 2653 195 2682; x_wconf 79' lang='lat' dir='ltr'>tur</span> <span class='ocrx_word' id='word_1_245' title='bbox 214 2661 221 2682; x_wconf 90' lang='lat'>:</span> <span class='ocrx_word' id='word_1_246' title='bbox 243 2649 416 2686; x_wconf 76' lang='lat' dir='ltr'>crassedo</span> <span class='ocrx_word' id='word_1_247' title='bbox 433 2655 465 2685; x_wconf 80' lang='lat' dir='ltr'>et</span> <span class='ocrx_word' id='word_1_248' title='bbox 482 2652 627 2687; x_wconf 82' lang='lat' dir='ltr'>inscicia</span> <span class='ocrx_word' id='word_1_249' title='bbox 648 2652 796 2687; x_wconf 79' lang='lat' dir='ltr'>rustica.</span> 
     </span>
    </p>
   </div>
  </div>
 </body>
</html>
