1737 2950
727 189 1024 231 -336-

157 321 364 367 Sodomae
391 319 510 364 Deus
537 330 624 362 non
653 315 915 369 miseretur;
955 331 1092 377 quare
1129 317 1383 366 diceremus
1409 318 1506 366 sore
1542 324 1592 366 ut

155 399 302 457 ipsum
327 395 536 440 misereat
557 393 902 453 Hierosolymae,
927 409 1044 454 quae,
1062 394 1188 454 juxta
1206 395 1592 456 computationem

153 488 290 533 supra
331 471 584 522 adductam,
631 476 732 515 ante
776 467 869 514 395
912 484 1053 516 annos
1101 476 1271 518 vastata
1318 472 1417 519 est?
1459 472 1589 528 Quod

153 554 327 609 spectat
352 547 404 592 ad
434 545 542 591 illud
569 545 747 591 effatum
779 561 787 589 2
817 546 1001 591 Sodoma
1019 554 1060 592 et
1084 547 1193 604 lilia²
1221 549 1318 606 ejus
1348 549 1590 595 manebunt

150 628 306 686 quales
341 632 475 670 antea
513 630 660 676 erant,
699 630 747 667 ta
784 636 882 668 vero
918 623 1250 685 (Hierosolyma
1285 624 1352 671 sic
1389 625 1589 685 compel-

151 702 279 760 latur)
322 710 363 746 et
400 701 507 757 filice
543 708 631 744 tace
662 700 792 744 eritis
827 701 983 757 quales
1021 702 1152 758 prius
1189 700 1388 762 saer-itis,
1428 700 1588 747 eodem

151 779 434 840 significatur
468 777 544 821 has
580 775 786 821 civitates
824 790 1049 836 nunquam
1076 777 1371 823 instauratum
1398 777 1470 822 iri.
1501 777 1587 823 Do-

149 856 296 901 minus
332 855 449 900 enim
489 852 663 914 regioni
703 852 773 897 cui
812 852 1023 898 irascitur
1049 853 1107 898 ita
1133 853 1358 900 maledicit
1382 851 1430 916 (1)
1462 870 1470 901 :
1501 855 1588 902 Nec

146 931 319 979 semina
344 933 546 989 accipiet,
569 944 646 975 nec
671 928 851 990 fructas
876 938 956 975 aut
981 931 1123 976 ullam
1148 932 1329 976 herbam
1350 931 1582 989 producet,

146 1012 222 1056 sed
262 1012 346 1055 erit
382 1011 498 1053 sicut
537 1008 721 1053 Sodoma
759 1016 799 1053 et
840 1009 1098 1062 Gomorrha,
1137 1010 1298 1067 quibus
1329 1010 1586 1054 succensuit

145 1086 360 1133 Dominus
407 1094 448 1131 et
493 1083 653 1144 quibus
696 1100 782 1130 uon
823 1093 888 1130 est
933 1087 1265 1132 reconciliatus.
1313 1086 1584 1132 Persuasum

146 1165 285 1224 igitur
321 1163 501 1215 habeas,
543 1176 567 1207 o
605 1161 798 1214 auditor,
830 1161 1069 1207 Sodomam
1104 1170 1148 1208 et
1184 1162 1299 1208 filias
1336 1162 1432 1221 ejus
1470 1175 1581 1207 nun-

145 1254 276 1299 quam
303 1244 660 1291 exsurrecturas‚
693 1238 772 1283 sed
798 1252 1033 1284 mansuras
1059 1239 1214 1299 quales
1240 1238 1366 1298 prius
1392 1237 1577 1291 fuerint,

144 1322 277 1376 prout
310 1317 487 1361 scilicet
523 1315 774 1374 hucusque,
806 1314 967 1360 incolis
1002 1315 1124 1361 orbae
1159 1321 1203 1360 et
1236 1315 1313 1361 irae
1349 1319 1579 1375 perpetuae

146 1393 321 1438 Domini
366 1391 599 1450 subjectae,
644 1391 898 1450 jacuerunt.
947 1391 1261 1451 Hierosolyma
1308 1403 1487 1451 quoque
1535 1394 1580 1435 et

144 1470 246 1514 filim
281 1468 426 1529 ipsius
463 1469 506 1512 in
545 1468 738 1528 pristino
767 1474 883 1513 statu
911 1473 1059 1518 erunt,
1088 1467 1206 1513 sicut
1231 1467 1443 1512 nimirum
1470 1465 1577 1512 olim

142 1553 294 1591 vastus
322 1552 364 1590 et
390 1545 598 1591 desertus
619 1550 713 1589 erat
737 1557 865 1589 mons
892 1542 1274 1596 Amorrhaeorum,
1299 1556 1434 1602 quum
1458 1541 1502 1586 in
1523 1555 1577 1588 eo

141 1622 362 1668 exstruxit
403 1620 679 1666 Abrahamus
723 1634 860 1673 aram,
907 1619 978 1664 cui
1028 1619 1217 1680 illigavit
1261 1619 1400 1664 filium
1445 1632 1575 1664 suum

140 1701 357 1750 lsaacum,
409 1699 479 1744 vel
527 1698 645 1743 sicut
687 1696 801 1742 idem
853 1696 1062 1742 desertus
1105 1700 1200 1741 erat
1245 1694 1424 1755 quando
1467 1695 1576 1740 emit

138 1776 278 1821 David
300 1775 353 1820 ab
379 1774 556 1820 Areuna
579 1773 788 1819 Jebusaeo
815 1787 960 1818 aream
983 1772 1024 1817 in
1046 1787 1132 1832 qua
1152 1773 1290 1818 altare
1310 1770 1566 1817 aedificavit.

135 1854 331 1899 Adverte
368 1852 485 1898 enim
524 1857 719 1896 montem
757 1851 881 1895 illum
919 1850 962 1894 in
1000 1864 1089 1910 quo
1117 1848 1395 1895 Abraliamus
1430 1847 1571 1893 filium

137 1944 266 1976 suum
299 1929 462 1975 obtulit
486 1929 634 1988 ipsum
660 1941 762 1973 esse
792 1932 985 1972 montem
1012 1926 1171 1980 Jebus,
1201 1939 1279 1972 seu
1307 1924 1573 1984 Hierosoly-

137 2021 269 2060 mam,
307 2019 452 2050 aream
491 2018 596 2050 vero
634 2018 766 2064 quam
807 2003 914 2049 emit
948 2003 1086 2048 David
1119 2002 1173 2048 ab
1210 2001 1388 2048 Areuna
1421 2001 1568 2061 ipsum

135 2096 238 2128 esse
263 2083 411 2128 locum
445 2082 516 2126 cui
544 2080 759 2140 templum
795 2078 1054 2139 impositum
1081 2078 1179 2124 suit.
1211 2078 1274 2123 Ita
1299 2076 1440 2138 igitur
1463 2075 1568 2122 Hie-

136 2159 361 2218 rosolyma
403 2158 445 2202 in
487 2157 711 2208 vastitate,
755 2161 802 2201 ut
837 2160 980 2208 antea,
1031 2154 1200 2200 existit.
1252 2151 1568 2198 Animadverte

135 2235 265 2280 ctiam
309 2241 402 2280 tum
432 2239 635 2293 tempore
669 2245 757 2292 quo
802 2229 1010 2277 Ezechiel
1038 2229 1320 2291 prophetavit
1351 2227 1495 2274 adhuc
1522 2226 1566 2271 in

134 2310 377 2371 splendore
412 2323 494 2355 suo
530 2308 794 2354 constitisse
826 2308 1202 2367 Hierosolymam,
1239 2304 1368 2364 cujus
1405 2303 1566 2349 incolae

132 2386 313 2432 nonnisi
339 2391 497 2446 postea
522 2390 679 2430 contra
703 2397 856 2444 regem
883 2382 1126 2442 Babylonis
1152 2381 1440 2437 rebellarunt,
1472 2383 1566 2425 tum

132 2461 400 2509 sententiam
420 2475 443 2506 a
466 2460 685 2521 propheta
711 2458 983 2505 enuntiatam
1009 2471 1062 2504 ex
1088 2458 1153 2502 ira
1177 2463 1222 2503 et
1245 2453 1564 2516 reprehensio-

132 2539 203 2584 nis
229 2538 374 2600 gratia
395 2538 439 2583 in
465 2536 824 2596 Hierosolymam
850 2534 1066 2594 prolatam
1088 2547 1206 2580 esse.
1233 2533 1329 2579 Hoc
1349 2530 1565 2591 denique,

174 2710 221 2750 (¹)
245 2709 390 2742 Denter.
411 2709 521 2750 ΧΧΙΧ,
539 2709 594 2743 23.
