1737 2950
710 206 1010 250 „335-

131 332 229 381 480
272 331 336 395 (ι).
383 334 539 395 Itaque
586 348 609 380 a
653 332 954 392 conceptione
996 331 1136 378 Isaaci
1179 338 1223 378 et
1269 331 1580 378 destructione

133 411 342 458 Sodomae
378 425 524 472 usque
550 410 604 456 ad
630 409 905 471 praecipuam
942 407 1272 469 Hierosolymae
1310 408 1575 455 aedificatio-

133 501 234 535 nem
260 487 364 534 anni
386 487 556 534 fluxere
573 487 758 534 omnino
781 484 891 532 896.
910 485 946 531 A
968 499 1128 546 magna
1145 499 1253 532 vero
1276 485 1577 532 aedificatione

133 565 462 627 Hierosolyma:
484 579 627 626 usque
646 564 699 610 ad
721 564 924 624 ejusdem
951 563 1247 610 vastationem
1270 577 1413 609 annos
1441 563 1580 610 habes

131 641 246 695 425,
284 656 335 688 ac
371 642 502 703 proin
542 656 716 688 summa
759 655 977 688 annorum
1017 655 1041 686 a
1079 646 1283 700 tempore
1323 641 1577 687 eversionis

133 719 342 766 Sodoma]
370 733 513 780 usque
539 719 592 764 ad
622 719 952 780 Hierosolyma}
978 717 1307 764 desolationem
1345 718 1576 778 lapsorum

132 796 186 842 ad
215 795 334 842 1321
367 796 585 856 assurgit.
612 796 666 841 Hi
688 801 794 842 sunt
819 795 1019 841 universi
1046 795 1150 840 anni
1177 795 1343 856 quibus
1371 794 1580 841 Sodomae

133 880 178 920 et
211 873 404 920 filiarum
439 873 536 933 ejus
571 873 699 919 ruina
735 873 908 918 ruinam
946 872 1275 933 llierosolymae
1311 872 1575 933 praecessit3

133 957 205 1005 et,
257 965 525 1011 quamquam
577 951 651 996 illa
699 950 859 996 civitas
899 949 1069 1009 justior
1116 949 1199 995 fuit
1243 949 1576 1011 Hierosolyma,

133 1028 370 1088 hucusque
395 1027 577 1074 deserta
603 1033 766 1074 manet.
801 1027 847 1072 Si
875 1027 1015 1088 igitur
1039 1040 1171 1073 omne
1197 1033 1435 1087 computes
1467 1033 1579 1073 tem·

132 1121 218 1166 pus
267 1106 387 1166 quod
431 1106 485 1152 ab
529 1106 707 1152 excidio
752 1105 961 1152 Sodomae
1005 1105 1059 1151 ad
1101 1119 1265 1151 annum
1309 1104 1402 1150 655
1451 1104 1581 1165 regni

132 1183 394 1238 Alexandri,
434 1184 513 1230 filii
550 1184 749 1245 Philippi
784 1183 1066 1238 Macedonis,
1113 1182 1392 1237 intercessit,
1439 1196 1581 1228 annos

133 1261 273 1307 habes
300 1260 426 1307 2076
454 1260 519 1324 (a),
551 1276 651 1307 nam
678 1276 700 1306 a
733 1266 938 1322 ternpore
965 1274 1055 1321 quo
1088 1259 1329 1321 Babylonii
1364 1259 1582 1306 Hieroso-

133 1340 297 1400 lymam
329 1345 562 1386 vastarunt
598 1353 742 1400 usque
779 1339 832 1385 ad
870 1339 984 1385 hanc
1021 1345 1223 1385 nostram
1262 1343 1438 1384 {etatem
1477 1337 1580 1383 anni

134 1423 240 1463 sunt
275 1416 387 1463 955.
418 1417 752 1478 Hierosolyma,
782 1422 1026 1477 postquam
1062 1431 1085 1461 a
1120 1415 1382 1476 Babyloniis
1405 1415 1581 1475 direpta

133 1493 294 1548 fuerat,
324 1493 473 1540 denuo
500 1493 745 1539 inhabitata
771 1499 841 1540 est
867 1507 949 1553 per
976 1493 1074 1539 illas
1102 1489 1162 1537 70
1190 1491 1496 1538 hebdomadas
1525 1491 1580 1537 de

134 1569 300 1630 quibus
341 1570 436 1631 agit
477 1570 635 1617 Daniel
676 1570 927 1631 propheta;
968 1576 1061 1615 tum
1099 1583 1123 1614 a
1156 1568 1373 1615 Romanis
1417 1568 1580 1614 iterum

132 1653 303 1693 vastata
346 1652 431 1701 est,
469 1661 552 1693 nec
589 1647 807 1707 deinceps
850 1661 1045 1707 unquam
1089 1645 1372 1699 restituetur,
1414 1644 1493 1691 sed
1538 1645 1582 1689 in

133 1724 342 1771 vastitate
369 1724 651 1785 permanebit
676 1725 822 1771 donec
848 1724 1059 1770 eveniant
1084 1737 1185 1783 quae
1210 1722 1434 1782 praefinita
1455 1728 1578 1768 sunt.

136 1802 303 1849 Omnes
320 1817 458 1863 porro
472 1803 575 1848 anni
589 1803 826 1863 utriusque
846 1801 1113 1848 vastationis
1135 1800 1579 1861 Ilierosolymitansc,

134 1879 303 1940 prioris
346 1894 507 1941 nempe
549 1886 593 1926 et
631 1879 922 1940 posterioris,
971 1884 1076 1925 sunt
1116 1877 1234 1931 465;
1277 1878 1394 1923 unde
1438 1878 1477 1923 si
1522 1877 1581 1923 70

135 1971 278 2003 annos
300 1957 574 2017 captivitatis
596 1956 883 2018 Babylonica}
900 1956 1084 2010 educas,
1102 1962 1273 2002 restant
1293 1955 1396 2001 anni
1419 1954 1530 2000 395.
1553 1975 1574 1996 »

202 2034 469 2081 Universam
496 2034 609 2081 hanc
635 2034 1014 2095 disceptatIOncm
1041 2032 1122 2079 tibi
1148 2032 1405 2093 conscripsi
1442 2047 1582 2094 prop-

137 2117 205 2158 ter
245 2111 505 2158 Judaeorum
538 2111 816 2171 jactantiam,
852 2111 1048 2157 futurum
1091 2124 1193 2157 esse
1226 2116 1275 2156 ut
1309 2110 1397 2171 ipsi
1433 2110 1582 2156 denuo

137 2194 491 2249 congregentur.
524 2189 569 2235 Si
597 2189 716 2235 enim
755 2188 967 2242 Sodoma,
997 2189 1125 2245 cuius
1161 2188 1376 2249 iniquitas
1415 2187 1581 2248 iniqui-

136 2269 226 2310 tate
253 2264 582 2326 Hierosolymae
609 2265 755 2311 minor
777 2271 888 2318 erat,
919 2279 1065 2326 neque
1091 2264 1237 2311 adhuc
1263 2264 1470 2311 restituta
1491 2272 1578 2319 est,

136 2354 285 2401 neque
332 2355 546 2402 unquam,
598 2347 646 2387 ut
687 2342 953 2396 asserimus,
1006 2342 1299 2396 restituetur,
1352 2340 1581 2402 quomodo

137 2417 465 2464 instauraretur
485 2418 818 2480 Hierosolyma,
839 2419 969 2478 cujus
984 2418 1149 2465 delicta
1168 2418 1350 2465 delictis
1371 2418 1580 2465 Sodoma}

139 2499 183 2540 et
208 2493 400 2541 siliarum
426 2495 523 2555 ejus
549 2496 757 2557 graviora
783 2496 992 2543 fuerunt?
1019 2495 1129 2543 lnde
1155 2495 1209 2542 ab
1235 2495 1364 2541 annis
1387 2493 1513 2541 2076
1534 2493 1584 2556 (3)

183 2646 231 2686 (ί)
258 2646 462 2690 Legendum
485 2659 491 2681 :
511 2647 597 2680 ⁴87?

138 2701 231 2788 225126)
258 2701 299 2734 Ut
330 2701 639 2744 computationum
675 2701 787 2737 series
817 2702 886 2737 sibi
915 2707 1071 2744 constet,
1106 2702 1382 2737 substituendus
1409 2710 1585 2737 numerus

183 2810 230 2851 (ὅ)
255 2809 331 2844 vid.
353 2819 433 2853 sup.
453 2815 528 2845 not.
548 2811 580 2844 Ξ.
