1737 2950
661 145 944 186 „225-

76 267 348 316 Christianis
385 267 673 328 disputabant
699 270 762 329 ti).
794 268 1044 329 Apliraates
1086 269 1183 329 ipse
1222 283 1323 316 cum
1359 270 1516 318 docto-

77 346 204 392 ribus
248 344 452 392 Judaicis
501 345 722 405 ejusmodi
772 346 1106 406 disputationes
1157 346 1284 392 inivit
1340 347 1513 408 plures,

77 437 266 484 quarum
294 422 566 469 mentionem
593 423 698 468 alibi
725 421 772 486 (2)
800 423 1011 476 fecimus;
1053 429 1097 469 et
1133 423 1295 470 exinde
1322 443 1344 466 «
1370 426 1520 471 evenit

78 508 126 548 ut
167 515 304 562 quum
341 501 383 546 in
421 501 652 548 nonnullis
694 501 796 547 aliis
840 501 994 555 rebus,
1041 507 1132 547 tum
1177 501 1220 546 in
1266 508 1517 563 temporum

77 578 470 638 descriptionibus
495 577 548 624 ad
577 578 832 624 rabbinicas
854 577 1123 625 traditiones
1150 593 1272 640 saepe
1299 593 1348 625 se
1373 580 1519 640 appli-

79 662 202 702 caret
225 653 290 718 (3).
328 675 349 697 »
388 657 485 712 Quo
521 655 749 703 efficacius
783 670 891 703 vero
931 656 1123 702 istorum
1158 657 1520 704 adversariorum

78 741 332 781 commenta
380 734 608 781 refelleret
655 742 699 781 et
747 735 939 781 hostiles
988 735 1251 782 retunderet
1304 736 1518 797 impetus,

80 814 425 859 Dissertationes
461 827 567 859 suas
599 813 743 858 edidit
776 813 830 859 de
861 815 1201 860 circumcisione
1232 815 1302 875 (H.
1341 813 1433 876 XI),
1471 815 1525 861 de

76 892 291 948 paschate
315 888 384 953 (H.
417 891 531 950 XII),
561 891 614 936 de
636 892 818 937 sabbato
843 892 915 949 (Η.
947 890 1082 954 XIII),
1117 892 1171 938 de
1206 893 1404 938 ciborum
1431 893 1523 939 dis-

79 970 294 1014 tinctione
311 967 383 1029 (H.
409 968 516 1028 XV).
544 969 710 1014 Harum
734 968 884 1029 itaque
906 969 1298 1015 observantiarum
1326 970 1523 1016 indolem

81 1045 487 1106 significationem,
535 1046 774 1092 utilitatem
817 1046 931 1092 scite
975 1047 1184 1107 exponit,
1232 1047 1527 1109 ostenditque

81 1123 182 1170 illas
207 1123 349 1170 bonas
386 1123 570 1184 quidem
608 1123 752 1170 fuisse
789 1130 832 1170 et
869 1139 892 1170 a
930 1125 1022 1171 Deo
1060 1132 1334 1186 praeceptas,
1371 1141 1525 1173 verum

83 1215 166 1247 nec
198 1201 405 1248 absolute
441 1201 725 1248 necessarias
763 1216 883 1255 esse,
916 1217 999 1249 nec
1036 1203 1258 1249 salutares
1293 1203 1526 1250 exstitisse

83 1294 296 1340 unquam,
328 1279 417 1325 nisi
443 1279 548 1325 fidei
588 1279 891 1326 inniterentur
927 1286 970 1326 et
1007 1280 1395 1342 conjungerentur
1425 1296 1526 1328 cum

84 1357 284 1403 omnium
312 1357 624 1403 mandatorum
650 1356 998 1417 adimpletione;
1041 1357 1222 1404 easdem
1259 1373 1398 1419 porro
1424 1373 1526 1405 cum

84 1434 185 1496 lege
229 1434 429 1481 Mosaica
470 1433 684 1490 desiisse,
722 1440 769 1480 ut
803 1434 931 1480 locus
969 1441 1094 1480 esset
1130 1434 1293 1481 ritibus
1321 1436 1451 1482 novis
1483 1443 1528 1482 et

82 1513 348 1559 oeconomiae
396 1512 450 1558 ad
502 1512 634 1558 linem
684 1526 828 1573 usque
871 1513 1142 1559 saeculorum
1187 1527 1427 1561 mansurae.
1475 1515 1524 1559 In

84 1592 290 1638 Ecclesia
314 1591 433 1637 enim
465 1590 519 1637 ad
557 1597 766 1637 eventum
793 1591 1011 1651 perducta
1037 1597 1141 1638 sunt
1167 1592 1344 1639 Veteris
1370 1593 1525 1640 Testa-

85 1664 223 1715 mchti
264 1667 475 1715 vaticinia
504 1669 558 1714 de
589 1669 829 1728 qentz'lium
859 1669 1071 1714 electione
1103 1676 1237 1728 atque
1270 1670 1330 1716 ad
1369 1684 1525 1717 verum

84 1748 163 1793 Dei
202 1747 375 1792 cultum
414 1747 692 1791 revocatione
732 1745 801 1807 (H.
851 1745 986 1806 XVI);
1033 1752 1094 1801 et,
1146 1747 1525 1807 quemadmodum

82 1823 373 1870 circumcisio
398 1828 443 1868 et
466 1835 610 1882 agnus
636 1822 863 1882 paschalis
899 1822 1080 1869 fuerunt
1116 1823 1274 1884 figurae
1305 1825 1524 1886 Baptismi

81 1909 216 1962 atque
252 1900 565 1954 EucliaristIae,
596 1900 655 1945 ita
690 1901 920 1961 pleraeque
958 1902 1131 1962 antiqui
1170 1902 1355 1949 soederis
1389 1917 1525 1950 caere-

83 1980 246 2026 moniae
272 1979 435 2040 typicae
471 1984 597 2026 erant
627 1994 635 2024 :
669 1991 715 2023 re
740 1984 887 2023 autem
915 1978 1014 2038 ipsa
1039 1979 1322 2034 adveniente,
1350 1981 1526 2028 sublata

84 2063 190 2102 sunt
214 2070 315 2117 quae
341 2056 461 2102 illam
487 2054 920 2116 praesignificabant.
947 2083 1009 2089 —
1035 2056 1144 2103 Inde
1170 2057 1362 2118 Sapiens
1388 2059 1527 2105 Persa

86 2134 255 2180 Christi
279 2135 565 2180 divinitatem
589 2132 658 2196 (H.
683 2133 817 2195 XVII)
841 2140 885 2179 et
910 2134 1188 2192 ·vir9initatis
1211 2137 1525 2182 eaecellentiam

83 2211 155 2274 (H.
179 2211 336 2271 XVIII)
360 2210 580 2257 adversus
604 2211 626 2256 J
634 2209 865 2256 udaeorum
893 2209 1262 2271 impugnationes
1288 2213 1524 2273 speciatim

127 2397 174 2436 (ί)
199 2396 268 2431 Csr.
287 2396 442 2440 SassiuS‚
461 2405 518 2439 op.
536 2398 593 2431 cit.
614 2407 648 2440 p.
670 2399 721 2436 11,
737 2402 772 2432 et
786 2398 815 2430 J.
836 2398 870 2430 S.
890 2398 1122 2439 Assemanus‚
1143 2399 1177 2431 Β.
1199 2399 1236 2432 O.
1261 2400 1287 2439 Ι,
1303 2398 1338 2432 in
1357 2399 1521 2442 prologo.

129 2463 177 2503 (2)
201 2463 301 2505 Sup.,
320 2472 354 2506 p.
374 2463 428 2496 70.
450 2462 520 2498 etr.
541 2462 709 2507 Wriglit„
728 2472 787 2506 pp.
815 2465 913 2494 ona
937 2469 972 2499 et
997 2471 1076 2518 23*-

129 2517 177 2557 (3)
202 2520 264 2559 Ap.
283 2517 457 2559 Sassium‚
475 2526 531 2558 op.
549 2521 581 2551 et
597 2519 659 2551 loc.
679 2519 750 2552 citt.
767 2520 882 2561 Quare
899 2521 942 2555 de
961 2521 1026 2555 hac
1043 2531 1080 2555 re
1097 2520 1262 2564 apposite
1281 2525 1402 2556 monet
1415 2523 1524 2556 Geor-

84 2570 164 2613 gius
183 2571 381 2615 Episcopus
399 2573 508 2615 (sup,
527 2582 562 2616 p.
582 2575 638 2614 51)
657 2584 664 2606 1
685 2577 848 2609 «Auctor
868 2577 934 2610 iste
956 2575 1061 2620 juxta
1091 2577 1322 2611 traditionem
1351 2576 1525 2611 librorum

83 2625 302 2664 Judaeorum,
322 2635 393 2661 non
411 2631 530 2661 autem
545 2628 644 2671 Juxta
664 2628 997 2672 interpretationem
1019 2632 1099 2665 hxx
1118 2640 1234 2674 neque
1250 2633 1347 2673 juxta
1372 2631 1526 2664 Samari-

86 2684 250 2714 tanorum
271 2682 512 2722 traditionem,
532 2692 615 2715 suas
633 2692 760 2716 omnes
777 2686 1068 2727 computationes
1087 2685 1255 2719 instituit.
1276 2698 1293 2714 υ

1370 2743 1417 2782 17
