1737 2950
673 106 971 148 —181—

93 228 397 278 Jacohitarum
437 229 727 283 Patriarcl1ae‚
769 230 812 274 in
852 230 1067 275 Chronico
1103 231 1307 290 Syriaco,
1349 232 1549 292 itemque

95 306 400 361 Theodoreto,
432 307 476 352 in
504 307 732 352 Philotlzeo
758 313 802 353 ct
829 307 872 351 in
898 305 1098 353 Historia
1129 309 1453 363 ecclesiastica,
1487 338 1542 343 —-

95 384 255 432 eodem
279 383 452 430 Jacobo
490 390 533 430 et
569 383 843 438 Alexandro,
875 383 1384 446 Constantinopolitano
1413 388 1544 448 Epis-

95 475 231 522 copo,
260 461 514 514 orantibus,
546 461 680 507 Arius
714 461 1110 522 Constantinopoli
1143 463 1292 522 justas
1333 465 1545 525 nequitia.-

95 553 189 586 suae
227 553 384 600 poenas
421 539 564 592 dedit,
607 539 777 585 infelici
816 545 961 586 morte
998 541 1269 601 correptus?
1308 542 1545 598 Quomodo

93 631 205 679 ergo
233 618 329 664 lieri
356 618 504 678 potuit
540 623 587 663 ut
624 618 708 674 vir,
737 624 822 664 tam
861 618 1036 664 ardenti
1073 619 1169 664 zelo
1210 619 1425 680 flagrans,
1469 622 1546 680 qui

94 694 304 740 haeresim
337 700 382 740 et
417 694 762 740 haeresiarcham
801 693 913 741 adeo
951 695 1208 755 propinqua
1245 695 1333 741 sibi
1372 697 1546 743 viderat

94 778 156 826 et,
186 778 234 818 ut
259 772 319 818 ita
345 772 509 826 dicam,
539 772 748 818 cominus
787 773 1145 833 impugnaverat,
1175 773 1252 833 qui
1289 787 1428 833 porro
1466 789 1548 834 per

94 855 231 896 totam
260 850 393 896 vitam
427 855 668 910 utrumque
707 849 922 910 persequi
963 864 1050 895 non
1089 849 1284 905 destitit,
1316 858 1464 897 tamen
1492 866 1546 897 nc

94 928 371 975 levissimam
397 927 579 988 quidem
618 928 881 973 alterutrius
920 928 1214 982 mentionem,
1247 928 1290 973 in
1319 943 1408 974 uno
1435 930 1544 974 alte-

93 1019 201 1053 rove
226 1005 361 1052 trium
398 1011 442 1051 et
477 1005 640 1066 viginti
676 1006 977 1050 Homz'lz'arum
1014 1006 1134 1059 loco,
1177 1005 1414 1065 injiceret?
1453 1008 1548 1062 Qua

93 1082 274 1130 tandem
302 1082 358 1128 de
384 1095 536 1135 causa,
562 1096 664 1127 cum
692 1081 734 1126 in
764 1082 861 1127 suis
889 1081 1076 1141 scriptis
1103 1082 1293 1128 aliorum
1322 1097 1543 1137 errorum,

95 1161 174 1223 qui
201 1174 254 1207 eo
281 1165 485 1220 tempore
524 1159 674 1205 minus
712 1159 984 1205 formidandi
1024 1165 1167 1214 erant,
1199 1166 1244 1206 et
1270 1161 1542 1216 meminerit,

94 1245 140 1286 et
164 1238 253 1285 vim
285 1235 549 1298 pestiferam
587 1238 881 1298 exstinguere
919 1244 1109 1283 conatus
1147 1238 1224 1292 sit,
1252 1238 1370 1284 hunc
1408 1254 1545 1285 unum

94 1316 184 1361 alto
212 1314 383 1375 pressit
409 1314 622 1360 silentio?
662 1313 804 1373 Hujus
840 1314 1011 1360 silentii
1037 1315 1257 1360 rationem
1285 1315 1472 1371 indicet,
1504 1323 1548 1362 et

95 1393 181 1440 erit
216 1393 322 1438 mihi
362 1406 552 1452 magnus
589 1391 770 1451 Apollo,
800 1392 1074 1452 quicumque
1111 1392 1328 1439 Jacobum
1364 1394 1544 1441 Nisibe-

96 1485 200 1516 num
221 1471 519 1516 Homz'lz'arum
543 1475 774 1529 parentem
797 1483 900 1516 esse
921 1470 1217 1530 pertinaciter
1237 1471 1541 1518 contenderit.

162 1548 362 1595 Tertium
398 1553 539 1594 restat
576 1552 911 1608 argumentum,
951 1561 1040 1607 quo
1078 1547 1346 1594 conficiatur
1385 1549 1545 1610 viginti

99 1631 192 1671 tres
229 1626 451 1684 Epistolas
492 1625 538 1670 S.
578 1624 748 1670 Jacobo
792 1624 1014 1671 Nisibeno
1058 1625 1382 1684 abjudicandas
1420 1641 1540 1674 esse.

97 1702 244 1759 Quod,
275 1702 380 1762 quia
405 1716 497 1747 rem
538 1702 703 1747 invicte
742 1701 979 1748 adstruere
1018 1703 1151 1749 nobis
1188 1704 1382 1758 videtur,
1413 1706 1546 1765 paulo

95 1779 363 1840 diligentius
408 1793 635 1839 exponere
675 1785 717 1824 et
755 1780 870 1825 tueri
907 1794 1058 1839 opera}
1096 1781 1291 1840 pretium
1331 1782 1431 1828 erit.
1479 1782 1545 1828 Ad

97 1858 193 1903 haec
219 1862 365 1902 autem
393 1855 662 1901 brevissime
699 1856 905 1901 contrahi
939 1863 1091 1916 potest
1122 1873 1129 1902 ;
1163 1857 1209 1903 S.
1239 1858 1436 1904 Jacobus
1456 1859 1547 1918 jam

96 1948 213 1980 anno
241 1931 335 1978 338
361 1933 481 1979 diem
507 1946 769 1993 supremum
797 1933 934 1988 obiit;
972 1940 1095 1994 patet
1127 1934 1265 1995 igitur
1298 1935 1338 1981 ei
1365 1937 1547 1983 nonnisi

97 2009 293 2057 absurde
329 2009 527 2055 adscribi
557 2012 812 2064 Tractatus,
855 2011 950 2071 qui,
992 2017 1040 2056 ut
1077 2025 1128 2056 ex
1167 2011 1312 2072 ipsius
1350 2015 1549 2060 auctoris

97 2087 360 2135 testimonio
408 2093 604 2142 constat,
657 2088 787 2134 annis
837 2088 1016 2135 demum
1066 2087 1176 2144 343,
1227 2089 1320 2135 344
1367 2097 1411 2138 et
1455 2091 1549 2138 345

100 2166 335 2212 maximam
362 2171 536 2226 partem
563 2166 815 2226 conscripti
843 2167 1042 2213 fuerunt.

166 2245 310 2290 Porro
337 2257 453 2290 anno
481 2241 574 2289 338
601 2244 821 2291 Jacobum
847 2245 1061 2307 Magnum
1088 2246 1141 2291 ad
1169 2259 1363 2306 superos
1391 2261 1550 2294 evoca-

100 2328 192 2368 tum
220 2335 323 2367 esse
365 2326 574 2374 testatur,
612 2321 656 2366 in
695 2323 926 2375 Chronico,
957 2323 1204 2384 Dionysius
1235 2324 1549 2372 Telmacliren-

101 2410 184 2466 siS,
222 2409 350 2470 cujus
385 2410 483 2457 haec
518 2417 626 2457 sunt
658 2412 793 2458 verba
826 2410 876 2474 (i)
907 2428 914 2457 :
956 2408 1176 2479 ῗιᾈοϊίο
1226 2408 1388 2464 lusam
1443 2417 1551 2459 Ma.

102 2501 281 2556 „02:212
346 2509 525 2569 &2500
581 2509 693 2560 1...οό
739 2518 1113 2567 „mmmm
1164 2519 1342 2584 Ama-'50
1394 2524 1552 2562 Mle

151 2660 201 2699 (ι)
226 2658 294 2693 cfr.
319 2661 353 2693 Β.
375 2661 412 2693 0.
437 2660 462 2700 ι,
483 2667 541 2701 pp.
564 2661 601 2692 Π
620 2663 654 2692 et
673 2661 724 2693 18.
