1737 2950
734 145 1030 187 ...204-

165 289 280 322 sum.
313 294 334 315 »
375 274 585 320 Eamdem
613 286 749 334 porro
787 273 1161 318 Dissertationum
1186 269 1515 317 ordinationem
1540 269 1594 316 ad

165 351 345 398 XX11⁸¹²¹
379 364 524 412 usque
548 365 572 396 a
594 364 644 397 se
679 355 941 397 constanter
970 354 1188 394 retentam
1226 360 1330 395 esse
1366 347 1426 394 ita
1462 346 1597 393 docet

164 434 320 475 auctor
355 426 404 491 (ι)
440 444 449 475 :
490 447 512 469 «
549 427 798 488 Epistolam
840 427 954 472 hanc
994 425 1076 471 tibi
1115 424 1388 479 scribebam,
1432 423 1592 478 amice,

169 520 322 553 mense
343 504 552 567 Augusto
576 504 679 550 anni
710 502 1028 551 sexcentesimi
1064 500 1428 564 quinquagesimi
1462 500 1596 555 sexti,

167 588 407 645 postquam
442 583 534 643 jam
571 582 850 629 absolveram
887 581 961 626 illa
994 580 1155 642 viginti
1192 579 1280 626 duo
1319 578 1466 640 capita
1499 591 1601 640 quae

162 660 288 720 juxta
313 660 560 707 litterarum
587 659 792 706 ordinem
817 671 920 705 sese
945 657 1192 718 excipiunt.
1223 675 1245 698 »
1282 656 1371 702 Sed
1406 654 1515 716 quid
1546 654 1602 702 de

170 737 252 784 hac
277 751 325 784 re
350 737 505 798 plura?
523 736 774 797 Aphraates
794 735 913 781 enim
939 734 1038 794 ipse
1057 733 1189 780 nobis
1214 732 1602 780 accuratissimum

168 829 356 876 operum
381 829 565 862 suorum
591 814 844 875 catalogum
869 813 1028 867 texuit,
1059 826 1112 860 ex
1137 826 1226 873 quo
1253 825 1342 858 non
1368 824 1602 858 numerum

170 897 338 938 tantum
385 892 685 938 Homiliarum
733 895 777 936 et
825 889 1032 950 proprias
1080 889 1367 950 singulorum
1407 886 1602 947 inscrip-

170 968 345 1022 tiones,
395 968 477 1015 sed
525 968 657 1014 etiam
707 972 904 1013 mutuam
950 965 1208 1012 earumdem
1256 964 1605 1025 dispositionem

171 1046 408 1093 discimus.
449 1046 556 1093 Haec
598 1051 703 1092 sunt
743 1045 841 1105 ejus
875 1045 1011 1091 verba
1043 1042 1091 1106 (2)
1132 1061 1141 1091 :
1182 1045 1349 1090 «Istas
1382 1043 1604 1089 Exhorta-

173 1126 311 1170 tiones
353 1124 515 1184 scripsi
554 1123 767 1169 fratribus
805 1122 977 1169 nostris
1012 1121 1210 1176 dilectis,
1251 1120 1356 1167 filiis
1390 1120 1607 1167 Ecclesiae

176 1201 282 1255 Dei,
323 1207 370 1247 ut
401 1201 478 1261 qui
513 1214 588 1247 eas
621 1200 674 1246 ad
714 1214 764 1246 se
800 1200 970 1245 delatas
1005 1199 1046 1244 in
1083 1198 1244 1259 quovis
1279 1198 1380 1244 loco
1415 1197 1608 1258 legerint

175 1279 307 1325 etiam
333 1278 594 1339 exiguitatis
627 1291 735 1323 meae
772 1276 1058 1322 meminerint
1094 1276 1137 1320 in
1172 1273 1454 1321 orationibus
1491 1274 1606 1329 suis,

175 1361 313 1417 utque
338 1356 483 1401 scIant
507 1354 895 1414 contemptibilem
932 1353 1114 1414 quidem
1151 1367 1220 1399 me
1246 1366 1349 1399 esse
1375 1365 1426 1399 ac
1450 1365 1610 1412 pecca-

177 1439 339 1486 torem,
371 1432 434 1477 illi
460 1438 622 1478 tamem
650 1431 754 1477 fidei
787 1430 1016 1476 adhaerere
1052 1444 1152 1490 quae
1189 1427 1235 1476 in
1274 1429 1345 1476 his
1383 1429 1613 1488 Capitibus

178 1510 350 1570 scripto
388 1509 653 1569 consignata
691 1514 777 1554 est.
808 1508 1006 1553 Primum
1043 1507 1269 1567 descripsi
1310 1521 1362 1553 ac
1402 1511 1611 1567 tanquam

178 1590 516 1636 fundamentum
548 1588 681 1648 posui
715 1588 867 1644 fidem,
898 1593 941 1632 et
976 1600 1113 1647 super
1149 1585 1299 1639 fidem,
1340 1598 1477 1645 opera
1513 1597 1614 1645 quae

180 1667 267 1727 ipsi
294 1665 583 1713 conveniunt.
617 1666 726 1710 I'ost
752 1664 900 1717 sidem,
929 1666 1053 1710 ambo
1088 1665 1329 1709 charitatis
1363 1669 1610 1721 proecepta;

181 1751 285 1804 post
334 1742 629 1795 charitatem,
672 1740 931 1802 jejunium,
983 1741 1027 1785 in
1075 1742 1268 1786 Homz'lz'a
1315 1753 1416 1800 quae
1461 1738 1517 1784 de
1562 1752 1616 1784 eo

183 1822 402 1881 inscripta
439 1827 525 1873 est,
556 1820 782 1880 simulque
818 1833 956 1879 opera
992 1819 1088 1878 ejus
1125 1818 1327 1865 tractavi.
1364 1817 1474 1864 Post
1501 1816 1616 1876 jeju-

183 1900 323 1953 nium,
352 1900 594 1944 orationem
623 1897 810 1957 ejusque
836 1896 1010 1942 fructus
1041 1902 1085 1942 et
1120 1902 1269 1949 actus;
1311 1900 1417 1955 post
1453 1894 1617 1940 oratio-

183 1991 302 2030 nom,
331 1976 447 2021 bella
472 1981 515 2020 ct
541 1988 591 2021 ea
617 1989 716 2034 qutc
742 1974 796 2020 de
822 1973 977 2034 regnis
1003 1973 1190 2033 scripsit
1216 1971 1372 2018 Daniel
1407 1970 1614 2032 exposui.

186 2055 295 2099 Post
321 2054 685 2098 Dissertationem
717 2053 769 2097 de
802 2053 944 2111 hellis,
974 2051 1228 2111 conscripsi
1254 2051 1619 2097 Eoehortatz‘onem

185 2132 243 2176 ad
284 2131 518 2176 monachos
561 2130 793 2175 directam.
836 2130 945 2175 Post
985 2129 1247 2182 monachos,
1282 2129 1616 2187 poenitentiam;

187 2214 291 2268 post
316 2206 642 2268 poenitentiam,
672 2208 1040 2252 resurrectionem
1069 2213 1372 2260 mortuorum,·
1411 2210 1516 2264 post
1550 2217 1620 2249 re·

189 2284 535 2337 surrectionem,
577 2284 905 2339 humilitatem;
944 2289 1050 2343 post
1085 2282 1395 2335 humilitatem,
1420 2288 1622 2340 pastores

190 2360 383 2407 docendi
426 2374 610 2406 munere
654 2360 916 2421 fungentes,
962 2365 1065 2420 post
1106 2364 1339 2418 pastores,
1385 2359 1621 2404 circumci-

189 2440 373 2494 sionem,
403 2452 489 2498 qua
513 2437 732 2498 gloriatur
767 2450 882 2497 gens
913 2436 1122 2489 Judaica;
1162 2435 1359 2495 denique
1395 2439 1501 2495 post
1533 2435 1622 2481 cir·
1699 2479 1706 2490 ,v

236 2608 281 2645 (ι)
308 2604 411 2641 ibid,
430 2612 463 2645 p.
490 2594 569 2638 Ι-οι
599 2617 607 2624 ·

238 2683 283 2722 (2)
312 2681 397 2714 lbid.
421 2691 454 2723 μ.
481 2671 606 2719 »ab->A
630 2686 730 2721 seqq.
