1737 2950
665 159 960 200 -289—

85 288 138 335 ad
167 289 306 334 Deum
327 292 502 333 mentes
523 293 698 333 vestras
720 287 798 333 Dci
822 287 983 332 timore
1010 286 1278 332 convertite.
1309 304 1330 326 »
1355 286 1531 332 Putavit

86 365 264 412 scilicet
300 363 453 424 elapsa
489 362 584 410 sere
617 377 720 410 esse
756 377 835 410 sex
867 376 1084 410 annorum
1130 362 1284 418 millia,
1331 362 1531 409 universi

87 442 312 490 durationi
357 455 379 487 a
419 441 512 487 Deo
556 441 824 501 praestituta.
868 441 915 486 ld
943 441 1060 488 enim
1109 441 1209 502 ipse
1249 441 1432 495 asserit,
1473 441 1532 488 ad

89 523 403 572 Fortunatam,
433 519 487 564 cle
534 521 844 565 exhortatione
892 520 1105 579 martyrii
1151 536 1162 564 .·
1208 537 1230 560 «
1263 518 1349 565 Sex
1395 518 1533 564 millia

90 611 311 645 annorum
332 596 422 656 jam
451 609 565 656 pene
591 596 895 656 complentur,
926 610 977 641 ex
1005 609 1094 656 quo
1121 595 1348 642 hominem
1377 595 1532 642 diabo-

92 677 163 724 lus
190 676 441 736 impugnat.
473 694 493 714 n

158 755 206 800 ln
250 752 457 800 eumdem
500 765 686 798 sensum
730 752 775 797 S.
824 750 1104 798 Gaudentius
1148 751 1386 797 Brixianus
1431 750 1482 812 (ιι)
1522 768 1531 797 z

94 851 116 874 «
142 832 470 891 Exspectamus
521 827 646 875 illum
688 841 794 874 vere
836 834 1038 874 sanctum
1083 828 1265 889 septimi
1308 827 1535 874 millesimi

91 909 194 956 anni
236 907 374 958 diem,
417 906 493 966 qui
537 905 747 951 adveniet
793 912 898 965 post
942 905 1044 952 illos
1088 919 1167 951 sex
1192 905 1309 959 dies,
1350 905 1539 951 millium

93 985 305 1032 videlicet
348 997 566 1029 annorum
617 982 788 1035 saeculi,
840 982 1005 1043 quibus
1050 983 1310 1043 completis,
1358 982 1541 1043 requies

96 1063 181 1109 erit
206 1075 326 1108 verae
353 1060 582 1107 sanctitati
608 1065 652 1105 et
685 1059 879 1106 fideliter
910 1060 1205 1106 credentibus
1237 1060 1279 1105 in
1315 1074 1544 1107 resurrec-

97 1141 222 1188 tione
248 1139 433 1186 Christi.
460 1139 569 1183 Nam
599 1138 719 1184 nulla
742 1139 828 1185 erit
849 1139 909 1184 ibi
939 1153 1090 1200 pugna
1110 1145 1267 1186 contra
1293 1139 1540 1195 diabolum,

97 1218 173 1278 qui
200 1223 307 1263 tunc
332 1217 488 1277 utique
514 1215 793 1262 detinebitur
818 1216 1062 1276 suppliciis
1090 1216 1325 1277 religatus.
1356 1236 1378 1258 »

164 1294 269 1355 lpse
296 1295 341 1340 S.
376 1293 698 1354 Hieronymus,
729 1293 860 1352 cujus
887 1299 1007 1339 tanta
1034 1300 1105 1340 est
1131 1294 1174 1339 in
1201 1308 1250 1340 re
1275 1294 1544 1354 scripturis-

95 1372 182 1418 tica
229 1370 476 1417 auctoritas
524 1377 568 1415 et
610 1369 817 1422 scientia,
869 1371 911 1415 in
960 1370 1195 1431 epistolari
1239 1372 1548 1429 Explicatione

91 1449 255 1507 psalmi
290 1448 510 1493 LXXXIX
543 1447 603 1492 ad
642 1447 936 1506 Cyprianum,
977 1461 1030 1493 ex
1070 1447 1146 1493 illo
1183 1447 1411 1494 versiculo
1443 1444 1491 1507 (a)
1530 1462 1540 1492 :

96 1527 316 1582 Quoniam
342 1526 466 1570 mille
490 1526 601 1570 (timi
627 1532 732 1570 ante
752 1526 902 1571 oculos
928 1533 1026 1572 tuos
1050 1527 1170 1571 sicut
1192 1526 1288 1572 dies
1313 1526 1542 1579 hesterna,

94 1618 193 1663 quoe
212 1605 453 1663 proeteriit,
485 1603 619 1650 infert
645 1617 745 1663 quae
772 1609 1026 1665 sequuntur
1056 1621 1063 1649 :
1097 1623 1119 1645 «
1147 1605 1242 1665 Ego
1270 1602 1468 1649 arbitror
1493 1616 1546 1648 ex

97 1681 182 1727 hoc
220 1681 320 1727 loco
359 1680 480 1726 mille
519 1694 663 1726 annos
702 1694 784 1740 pro
822 1695 909 1726 una
944 1680 1017 1727 die
1044 1681 1207 1727 solitos
1233 1679 1467 1741 appellari,
1498 1684 1546 1725 ut

96 1758 274 1804 scilicet
299 1757 403 1818 quia
429 1757 624 1802 mundus
652 1757 695 1801 in
723 1771 802 1803 sex
829 1757 991 1804 diebus
1021 1757 1284 1812 fabricatus,
1309 1770 1389 1803 sex
1415 1756 1547 1801 milli-

97 1836 181 1882 bus
227 1841 399 1881 tantum
448 1849 668 1880 annorum
716 1835 927 1881 credatur
971 1835 1243 1889 subsistere,
1297 1839 1340 1881 et
1385 1839 1544 1895 postea

95 1913 251 1960 venire
299 1913 606 1972 septenarium
649 1919 693 1957 et
739 1912 1022 1958 octonarium
1065 1925 1316 1966 numerum,
1366 1910 1409 1955 in
1453 1923 1543 1971 quo

96 2003 230 2036 verus
256 1995 517 2036 exerceatur
543 1988 870 2040 sabbatismus;
902 1988 1021 2033 unde
1046 1994 1090 2034 et
1115 1993 1219 2034 octo
1254 1986 1544 2033 beatitudini-

99 2067 182 2113 bus
209 2067 432 2112 bonorum
466 2078 655 2124 operum
690 2065 873 2124 praemia
900 2065 1240 2125 promittuntur.
1272 2082 1294 2105 »
1322 2090 1384 2097 -—
1407 2063 1544 2111 Hisce

98 2143 278 2204 gemina
303 2141 467 2188 scribit
493 2141 538 2187 S.
572 2142 742 2187 Doctor
768 2141 811 2186 in
833 2155 933 2202 cap.
966 2141 1021 2186 IV
1049 2141 1264 2188 Michaeae.

165 2221 229 2265 Ex
251 2218 460 2265 adductis
486 2218 747 2264 nominibus
769 2224 813 2264 et
833 2218 1107 2264 testimoniis
1128 2223 1250 2278 patet
1275 2218 1544 2265 sententiam

98 2311 230 2359 quam
256 2302 407 2343 tuetur
425 2295 677 2356 Apbraates
699 2309 789 2342 non
812 2296 898 2356 ipsi
921 2296 1152 2356 propriam
1174 2296 1246 2343 vel
1267 2296 1545 2357 singularem

99 2388 220 2429 esse,
267 2387 318 2420 ac
364 2373 516 2434 proin,
564 2373 602 2419 si
652 2373 887 2427 erraverit,
940 2386 1140 2419 errorem
1188 2372 1342 2428 istum,
1389 2378 1546 2432 utpote

102 2452 255 2498 multis
297 2464 600 2504 communem,
653 2450 773 2496 facili
817 2450 947 2497 venia
989 2451 1178 2512 dignum
1221 2449 1383 2497 videri.
1438 2450 1545 2496 Inde

101 2529 235 2576 simul
269 2529 501 2590 colligitur
535 2528 665 2587 cujus
696 2529 879 2589 generis
912 2536 955 2574 et
993 2528 1172 2574 roboris
1213 2528 1306 2574 sint
1347 2528 1546 2573 rationes

144 2673 189 2711 (t)
215 2669 295 2704 Loc.
314 2679 395 2710 sup.
414 2670 476 2703 cic.

144 2726 191 2765 (2)
217 2725 275 2758 Ps.
299 2725 466 2763 LxxxtX‚
487 2734 517 2758 v,
542 2727 571 2757 t.
