1737 2950
152 297 362 330 sermone
395 283 543 329 minus
586 283 831 329 sollicitus.
874 282 1013 342 Cujus
1049 282 1379 343 interpretandi
1415 283 1607 330 rationis

151 372 385 431 specimen
413 376 590 431 prostat
616 371 661 416 in
688 370 855 432 opellae
881 371 1234 426 Introductione,
1264 370 1341 417 ubi
1368 385 1392 417 e
1418 371 1607 431 regione

151 459 465 505 translationis
504 459 676 506 Latinae
714 463 886 506 textum
918 458 1243 520 primigenium
1289 459 1501 506 consulto
1532 473 1610 519 ap-

150 546 302 605 posui.
351 546 534 600 Postea,
582 560 638 592 ne
684 547 1026 592 Dissertationis
1071 546 1215 593 moles
1264 546 1381 592 ultra
1424 545 1608 592 modum

150 640 400 688 cresceret,
441 634 579 680 verba
616 634 801 696 Syriaca
838 634 882 680 in
921 634 1119 681 medium
1160 648 1251 681 non
1295 633 1480 687 adduxi,
1518 634 1608 680 nisi

151 723 397 782 peculiaris
434 723 548 770 ratio
587 723 631 769 id
669 723 925 770 faciendum
963 722 1200 778 suadebat,
1229 727 1354 783 puta,
1384 722 1462 769 ubi
1497 722 1607 769 doc-

151 810 268 856 trina
315 810 556 871 Aphraatis
614 817 823 858 accurate
876 810 1175 872 proponenda
1221 810 1320 857 fuit.
1373 811 1420 855 In
1468 809 1606 856 variis

151 905 300 945 autem
334 900 449 946 locis
483 900 659 961 syriace
693 900 938 947 afferendis
971 900 1086 946 hanc
1123 899 1233 945 mihi
1273 900 1423 960 legem
1448 900 1602 960 posui,

152 991 200 1031 ut
232 986 291 1031 cl.
331 987 385 1032 D.
417 985 599 1047 Wright
636 985 883 1033 editionem
922 987 1223 1048 exprimerem
1261 1000 1395 1047 quam
1433 985 1605 1033 fidelis-

151 1074 281 1120 sime.
316 1074 461 1130 Quum
488 1080 636 1120 tamen
663 1075 895 1136 pleraeque
920 1075 1168 1122 lectionum
1203 1074 1525 1135 discrepantiae
1551 1073 1606 1120 ab

151 1160 230 1206 illo
257 1160 613 1222 diligentissime
639 1167 864 1208 annotatae
891 1161 946 1208 ad
972 1162 1245 1209 sententiam
1280 1161 1393 1207 nihil
1418 1161 1601 1215 saciant,

151 1263 318 1309 paucas
339 1250 539 1305 demum,
556 1264 657 1311 quae
679 1251 896 1297 momenti
916 1251 1082 1298 habent
1103 1265 1153 1297 ac
1173 1250 1392 1311 ponderis
1410 1249 1601 1310 aliquid,

153 1339 238 1385 ima
263 1339 429 1400 pagina
454 1340 703 1387 exhibebit.

219 1430 462 1485 Caeterum,
491 1431 614 1492 quod
645 1432 834 1478 Lovanii
871 1432 1054 1479 libellus
1094 1446 1222 1479 meus
1260 1433 1402 1493 praelo
1439 1432 1605 1492 subjici

150 1518 368 1577 potuerit,
418 1519 618 1566 muneris
661 1520 747 1566 hoe
789 1520 873 1566 suit
914 1520 984 1567 Ill.
1027 1521 1080 1567 D.
1123 1521 1309 1575 Beelen‚
1350 1521 1427 1581 qui
1469 1527 1605 1582 typos
1658 1512 1661 1516 ’

151 1605 354 1666 propriis
375 1605 922 1667 sumptibusjampridem
946 1615 1253 1669 comparatos,
1277 1623 1361 1670 pro
1382 1609 1605 1670 singulari

151 1691 288 1737 animi
314 1692 626 1753 propensione
653 1708 741 1754 qua
775 1694 950 1742 litteras
988 1695 1198 1757 Syriacas
1230 1695 1480 1757 harumque
1509 1696 1604 1743 cul-

151 1785 276 1826 tores
318 1793 501 1840 semper
542 1787 816 1840 prosecutus
851 1788 938 1837 est,
975 1783 1084 1829 mihi
1122 1784 1449 1831 humanissime
1480 1799 1604 1831 com-

151 1866 366 1913 modavit.

217 1952 307 2000 Sed
334 1953 431 2000 haec
457 1954 694 2002 hactenus.
724 1956 884 2017 Neque
910 1955 1032 2002 enim
1069 1956 1235 2017 opinor
1272 1970 1463 2004 necesse
1501 1971 1604 2005 esse

154 2048 202 2088 ut
259 2042 437 2103 tyronis
498 2044 724 2104 opusculo
779 2043 981 2091 virorum
1042 2045 1326 2092 eruditorum
1382 2060 1605 2107 apprecer

150 2131 452 2179 clementiam.

1289 2224 1465 2257 Aucron.
