1737 2950
557 603 772 666 PARS
824 604 1111 666 PRIMA.

482 805 551 841 De
576 803 684 840 vita
712 802 962 848 sapientis
991 804 1172 841 Persae.

166 1137 379 1185 Auctoris
406 1139 462 1186 de
487 1154 577 1200 quo
604 1139 835 1186 disserere
863 1140 907 1184 in
933 1140 1090 1185 animo
1124 1138 1342 1185 habemus
1376 1143 1549 1184 textum

98 1215 421 1276 primigenium
448 1231 593 1277 nuper
619 1216 789 1277 publici
809 1216 927 1276 juris
953 1216 1128 1277 primus
1155 1215 1262 1262 feeit
1286 1215 1356 1261 vir
1392 1215 1549 1261 elaris·

99 1292 241 1338 simus
268 1292 518 1340 Gulielmus
545 1293 818 1354 Wrightius,
850 1294 934 1340 sub
956 1294 1086 1340 titulo
1117 1309 1125 1339 :
1156 1293 1243 1339 The
1268 1291 1470 1337 lvomz'lies
1505 1290 1559 1351 os

97 1370 352 1430 Aphraates
378 1372 451 1418 the
476 1373 666 1417 Persian
691 1373 862 1430 Saye...
894 1370 957 1431 (i).
986 1370 1173 1417 Librum
1208 1370 1343 1423 huno,
1374 1383 1426 1414 ex
1460 1382 1548 1429 quo

99 1452 363 1508 argumenta
388 1448 564 1495 interna
596 1463 685 1495 non
721 1462 880 1509 pauca,
911 1448 974 1495 uti
1002 1448 1098 1494 fieri
1134 1448 1268 1501 solet,
1309 1447 1547 1507 deprome-

100 1539 217 1579 mus,
248 1525 493 1586 genuinum
521 1540 623 1572 esse
647 1525 770 1571 illius
796 1526 868 1571 oui
895 1525 1110 1571 tribuitur
1130 1525 1287 1571 foetum
1308 1530 1356 1570 ut
1375 1530 1547 1570 certum

100 1601 171 1647 hie
207 1603 500 1657 assumimus,
541 1603 746 1649 veritatis
783 1602 858 1648 diu
888 1608 1079 1663 negatae,
1116 1602 1187 1648 vel
1224 1601 1378 1661 potius
1419 1601 1548 1661 igno-

100 1685 223 1734 ratae,
260 1694 378 1726 nune
409 1694 515 1726 vero
555 1686 679 1726 extra
715 1679 901 1726 dubium
939 1693 1072 1726 omne
1112 1684 1155 1725 et
1191 1678 1547 1725 controversiam

98 1756 283 1816 positae,
338 1765 563 1803 momenta
610 1757 881 1818 gravissima
931 1758 973 1802 in
1023 1759 1162 1803 altera
1210 1758 1548 1803 Dissertationis

99 1840 224 1894 parte
250 1834 426 1880 allaturi
453 1840 587 1894 atque
614 1834 838 1881 libraturi.

166 1910 445 1956 Paucissima
478 1918 584 1957 sunt
608 1925 708 1971 quae
743 1911 797 1957 de
831 1911 1030 1957 auctoris
1067 1911 1198 1971 liujus
1236 1911 1340 1958 vitae
1372 1910 1548 1956 ratione

98 1997 142 2037 et
167 1990 561 2037 vicissitudinibus
587 1990 640 2037 ad
668 2005 751 2036 nos
775 1990 1082 2051 pervenerint,
1114 2004 1214 2036 oum
1236 2004 1290 2036 ex
1316 1988 1547 2036 veteribus

98 2068 240 2129 Syriae
274 2067 578 2129 scriptoribus
615 2067 687 2113 vix
724 2067 842 2113 ullus
881 2067 935 2114 de
964 2068 1040 2113 illo
1067 2067 1227 2114 feeerit
1248 2067 1541 2114 mentionem.

98 2146 206 2202 Quae
233 2160 306 2193 res
332 2147 436 2199 etsi,
461 2146 679 2206 spectatis
705 2146 859 2205 operis
887 2145 1094 2205 praedicti
1120 2145 1387 2206 antiquitate
1412 2150 1546 2205 atque

96 2225 374 2284 praestantia,
406 2225 518 2271 mira
544 2225 696 2270 forsan
723 2223 857 2269 alicui
884 2223 1027 2269 videri
1060 2230 1229 2284 potest,
1260 2223 1545 2284 aliquatenus

97 2305 242 2347 tamen
281 2301 532 2361 explicatur
571 2314 624 2346 ex
664 2314 716 2346 eo
754 2299 875 2360 quod
897 2300 988 2360 jam
1015 2300 1120 2347 inde
1147 2315 1169 2347 a
1195 2301 1364 2348 saeculo
1390 2299 1466 2355 Vl,
1498 2305 1545 2347 ut

96 2383 255 2438 postea
292 2378 436 2424 fusius
480 2383 750 2437 exponetur,
797 2377 1094 2423 Homiliarum
1139 2384 1287 2425 textus
1332 2378 1543 2439 Syriacus

139 2531 186 2569 (ί)
213 2529 337 2564 Edited
360 2529 449 2564 from
468 2530 589 2573 Syriae
608 2531 851 2575 manuscripts
871 2531 908 2565 of
937 2531 994 2566 the
1018 2530 1094 2565 fifth
1124 2531 1191 2565 and
1222 2531 1316 2565 sixtb
1347 2531 1542 2572 centuries‚

95 2584 131 2618 in
161 2585 218 2620 the
246 2585 378 2620 British
406 2588 584 2626 museum,
602 2587 647 2630 by
667 2587 881 2631 W.Wright‚
903 2587 962 2622 Ph.
986 2589 1037 2628 D.‚
1060 2589 1122 2622 LL.
1147 2590 1198 2627 D.‚
1219 2588 1397 2631 honorary
1424 2587 1542 2623 sellow

93 2639 294 2730 ogaueen's
313 2642 415 2682 Coll.‚
435 2641 663 2686 Cambridge,
684 2647 770 2685 etc„
790 2648 856 2679 ete.
878 2644 950 2679 Vol.
974 2646 998 2678 Ι.
1018 2644 1090 2679 The
1113 2644 1234 2687 Syriae
1261 2647 1344 2680 text.
1379 2643 1538 2681 madon,
