1737 2950
681 147 954 189 -69-

94 274 344 324 sententias
371 272 536 320 mentis
563 279 667 327 tuae,
697 279 741 319 et
761 272 953 320 scientia
978 287 1111 333 quam
1130 286 1182 319 ex
1210 272 1361 318 Sacris
1388 273 1539 334 Scrip-

94 352 210 401 turis
234 351 427 399 hausisti
454 365 523 398 me
549 351 750 406 erudias,
779 355 828 397 ut
853 350 974 412 quod
1001 350 1111 396 mihi
1137 350 1267 398 deest
1301 365 1324 396 a
1353 354 1397 398 te
1434 366 1542 412 sup·

94 430 288 493 pleatur,
317 428 494 476 esuries
521 441 617 475 mea
642 441 696 474 ex
722 427 928 475 doctrina
960 432 1035 474 tua
1067 427 1256 474 satietur
1287 442 1338 474 ac
1362 428 1465 476 sitis
1491 443 1542 476 ex

95 520 309 568 aquarum
351 511 528 552 tuarum
576 504 700 551 sonte
751 505 1074 566 restinguatur.
1119 504 1318 550 Plurima
1360 505 1542 566 quidem

95 583 235 630 menti
278 583 432 630 insunt
479 581 535 628 de
579 581 747 643 quibus
793 587 838 628 te
880 581 1210 643 interrogatum
1250 581 1411 636 velim;
1464 583 1544 630 sed

95 659 306 706 universa
330 663 582 720 praeparata
618 663 725 704 sunt
753 657 872 719 apud
906 671 977 704 me
1003 663 1047 704 et
1072 658 1292 718 reposita,
1323 665 1387 712 ut,
1418 665 1544 719 post-

96 751 228 798 quam
254 736 309 782 ad
334 740 378 783 te
403 749 589 790 venero,
621 749 671 782 ea
699 749 769 781 me
796 734 1007 781 edoceas.

161 814 325 861 Verum
352 818 454 860 ante
479 812 630 859 omnia
665 813 740 858 illa
778 812 834 859 de
865 811 1033 873 quibus
1060 812 1167 857 mihi
1196 813 1453 860 necessaria
1479 821 1550 861 est

96 890 351 952 inquisitio,
381 896 490 951 opto
516 895 564 936 ut
589 889 643 935 ad
671 903 741 936 me
780 888 957 936 scribas
997 888 1330 936 institutionem
1368 890 1424 936 de
1461 891 1549 938 fide

95 975 268 1024 nostra,
306 968 537 1030 quomodo
577 981 738 1028 nempe
775 980 825 1013 se
862 966 1041 1020 habeat,
1083 966 1312 1027 quodnam
1349 967 1408 1013 sit
1451 968 1548 1028 ejus

95 1045 452 1099 fundamentum,
483 1043 711 1105 quodnam
734 1043 976 1090 aedificium
1004 1043 1047 1088 in
1074 1043 1197 1103 quod
1223 1043 1300 1089 illa
1325 1045 1544 1106 assurgit,

96 1122 263 1184 quibus
290 1122 399 1168 insit
425 1120 706 1174 hominibus,
748 1119 896 1180 qualis
924 1119 1022 1178 ejus
1058 1120 1389 1167 consummatio
1416 1126 1549 1181 atque

96 1200 316 1262 perfectio
357 1199 425 1259 (1),
461 1212 666 1259 quaenam
702 1212 842 1258 opera
876 1197 928 1243 ad
965 1198 1079 1244 hanc
1117 1198 1444 1258 perfectionem
1482 1213 1548 1245 re-

98 1279 262 1340 quirat.
294 1278 514 1339 Equidem
550 1278 635 1323 hoc
661 1283 832 1322 tantum
861 1276 1050 1323 firmiter
1075 1276 1212 1322 credo
1244 1293 1251 1322 :
1283 1291 1420 1322 unum
1448 1292 1551 1324 esse

99 1357 258 1410 Deum,
299 1356 376 1416 qui
417 1355 460 1400 in
500 1354 730 1415 principio
768 1354 931 1400 coelum
969 1361 1011 1400 et
1048 1359 1214 1400 terram
1251 1355 1436 1408 creavit,
1473 1356 1550 1415 qui

99 1433 313 1480 mundum
356 1431 585 1492 disposuit
626 1431 910 1491 ornavitque,
956 1430 1033 1491 qui
1076 1431 1302 1477 hominem
1349 1431 1454 1478 fecit
1496 1431 1549 1477 ad

98 1509 344 1571 imaginem
371 1523 514 1561 suam,
546 1507 622 1568 qui
659 1506 815 1553 Abelis
852 1506 1107 1554 oblationes
1145 1508 1366 1568 suscepit,
1399 1509 1549 1554 Henc-

99 1588 250 1640 chum,
287 1591 444 1646 utpote
481 1584 570 1631 sibi
605 1589 860 1644 acceptum,
907 1585 1157 1638 transtulit,
1196 1585 1447 1637 Noachum,
1498 1600 1551 1632 eo

98 1664 220 1725 quod
261 1663 415 1722 justus
464 1667 603 1714 esset,
657 1661 885 1721 protexit;
939 1661 1015 1721 qui
1064 1661 1366 1708 Abrahamum
1414 1663 1554 1723 elegit

99 1747 286 1802 propter
306 1739 441 1786 fidem
467 1738 564 1799 ejus
602 1744 646 1785 et
672 1752 773 1784 cum
800 1739 974 1799 Moyse,
1004 1739 1062 1785 ob
1087 1739 1219 1799 hujus
1247 1740 1552 1786 mansuetudi-

101 1831 220 1871 nem,
246 1830 502 1863 sermonem
537 1815 714 1867 habuit;
746 1814 823 1874 qui
851 1815 982 1860 etiam
1011 1830 1091 1874 per
1117 1830 1274 1862 omnes
1304 1816 1552 1876 prophetas

102 1895 281 1942 locutus
307 1899 441 1939 estet
467 1892 663 1952 denique
685 1891 917 1937 Christum
945 1906 1074 1938 suum
1101 1892 1142 1937 in
1168 1893 1382 1939 mundum
1408 1894 1549 1939 misit.

169 1971 274 2017 Haec
317 1970 474 2030 igitur,
521 1968 675 2021 frater,
723 1967 782 2013 ita
826 1981 929 2014 esse
974 1969 1127 2014 credo.
1177 1969 1323 2025 Quare
1365 1971 1416 2016 ad
1463 1986 1551 2025 me,

102 2061 215 2108 rogo
242 2054 302 2101 te,
339 2045 532 2100 scribas,
564 2059 725 2106 meque
763 2045 1000 2092 edocendo
1040 2061 1244 2107 quaenam
1284 2062 1422 2108 opera
1458 2049 1554 2096 haec

102 2131 259 2173 nostra
270 2125 384 2173 fides
397 2123 821 2185 requirat,animum
839 2137 984 2170 meum
999 2124 1137 2171 facias
1149 2124 1514 2189 tranquillumffi).
1531 2147 1553 2168 »

147 2315 193 2353 (1)
219 2314 260 2346 Ut
275 2312 397 2346 videre
412 2315 468 2345 est
488 2311 555 2345 loc.
584 2310 660 2351 cit„
692 2311 865 2346 vocabula
895 2319 965 2345 non
997 2319 1123 2354 pauca,
1153 2320 1234 2354 quae
1264 2312 1301 2345 in
1331 2312 1440 2346 codd.
1470 2315 1552 2346 Mss.

103 2376 205 2403 erasa
222 2371 308 2402 sunt
324 2367 378 2401 vel
396 2365 523 2399 mutila
542 2370 732 2408 apparent,
754 2373 820 2409 pro
838 2374 876 2399 ea
897 2374 966 2409 qua
996 2366 1106 2409 pollet
1134 2366 1339 2401 eruditione
1367 2371 1402 2401 et
1429 2367 1555 2410 peritia

104 2423 240 2467 optime
258 2421 417 2457 restituit
432 2420 642 2464 Wrightius.
664 2421 727 2456 Hic
746 2425 866 2455 tamen
885 2421 1043 2464 spatium
1070 2430 1219 2456 vacuum
1245 2422 1390 2465 reliquit
1409 2422 1443 2456 in
1464 2423 1558 2457 hunc

106 2489 253 2524 modum
288 2500 295 2521 :
323 2479 583 2519 ὸιὲ-ᾅεωο
611 2487 640 2518 σι·
664 2509 674 2518 .
695 2509 704 2518 .
729 2481 905 2526 ..h-auio
948 2488 1169 2531 conjecerim
1212 2497 1279 2532 ego
1318 2488 1556 2531 supplendam

109 2575 234 2602 vocem
253 2567 391 2602 nomini
418 2558 576 2603 &aaa
597 2566 670 2601 sere
689 2575 940 2610 synonymam,
958 2572 1042 2610 puta
1057 2547 1226 2606 Ι-ΞαΞΕ-Δι
1245 2572 1306 2602 aut
1329 2546 1546 2604 i2ofhnha⁷i

111 2621 263 2665 ideoque
281 2623 356 2657 hacc
376 2622 484 2657 latine
502 2622 606 2666 posui
624 2632 631 2654 :
650 2621 777 2666 Qualis
795 2622 871 2665 ejus
888 2624 1150 2657 consummatio
1167 2627 1272 2666 atque
1289 2623 1470 2666 perfectio.

152 2677 201 2718 (Ξ)
226 2678 320 2712 Alias
339 2677 446 2712 etiam
464 2677 672 2720 sapientem
700 2679 846 2712 Persam
875 2679 920 2712 ab
947 2678 1074 2713 eodem
1104 2678 1148 2713 de
1176 2678 1330 2713 diversis
1359 2678 1561 2722 disciplinae
