1737 2950
708 171 973 211 ...75-

109 315 287 348 versum
315 305 548 360 postremo
576 298 821 342 Romanum
849 295 1087 355 imperium
1124 293 1327 340 funditus
1360 305 1553 338 concus-

109 392 207 425 sum
234 382 278 424 et
302 382 500 424 emotum
526 381 613 422 est.
643 372 758 421 Cum
786 386 977 434 namque
1012 372 1199 433 profana
1235 372 1334 432 ipsa
1369 369 1556 417 Ariano-

109 469 206 501 rum
250 454 448 507 novitas,
494 452 614 499 velut
652 452 856 512 quaedam
900 451 1086 497 Bellona
1122 454 1197 496 aut
1232 449 1384 503 Furia,
1423 454 1556 509 capto

107 532 235 592 prius
283 531 482 578 omnium
528 530 800 589 imperatore
843 528 1135 582 Constantio,
1183 531 1344 574 cuncta
1391 524 1557 572 deinde

106 608 258 669 palatii
296 606 493 655 culmina
529 606 709 667 legibus
746 605 876 652 novis
920 604 1230 666 subjugasset,
1271 616 1555 663 nequaquam

106 684 325 744 deinceps
350 683 526 730 destitit
550 683 762 729 universa
788 681 980 729 miscere
1006 687 1139 742 atque
1175 693 1354 734 vexare,
1384 680 1556 739 privata

105 775 157 808 ac
182 760 379 821 publica,
410 774 537 806 sacra
562 759 839 820 profanaque
864 759 1030 812 omnia,
1062 758 1233 804 nullum
1259 756 1367 803 boni
1393 761 1436 803 et
1460 756 1556 802 veri

107 852 267 900 gerere
292 837 556 888 discrimen,
589 836 669 883 sed
696 849 1010 896 quoscumque
1035 834 1322 881 collibuisset
1340 838 1553 893 tanquam

107 914 163 961 de
200 915 300 960 loco
338 914 575 974 superiore
611 917 867 972 percutere.
898 913 1023 958 Tunc
1047 917 1277 958 temeratae
1313 909 1552 971 conjuges,

107 990 392 1051 depopulatae
426 989 591 1043 viduae,
621 989 868 1048 profanatae
903 988 1126 1049 virgines,
1168 987 1441 1034 monasteria
1477 986 1555 1032 de-

108 1067 278 1120 molita,
308 1066 549 1112 disturbati
589 1065 763 1118 clerici,
793 1064 1017 1111 verberati
1056 1065 1220 1119 levitae,
1256 1064 1343 1111 acti
1381 1064 1426 1109 in
1461 1064 1554 1110 exi-

107 1144 215 1190 lium
263 1143 543 1195 sacerdotes,
591 1142 775 1202 oppleta
822 1141 992 1187 sanctis
1034 1141 1280 1202 ergastula,
1327 1154 1551 1195 carceres,

109 1220 285 1266 metalla
315 1236 323 1265 :
357 1233 550 1281 quorum
576 1233 682 1279 pars
719 1217 908 1263 maxima
942 1217 1198 1264 interdictis
1231 1217 1420 1263 urbibus
1450 1231 1554 1277 pro-

105 1297 219 1344 trusi
261 1301 395 1357 atque
437 1300 659 1348 extorres,
707 1294 824 1341 inter
870 1294 1065 1348 deserta,
1107 1295 1367 1355 speluncas,
1414 1294 1551 1347 feras,

106 1389 228 1428 saxa,
275 1374 495 1424 nuditate,
543 1373 676 1425 same,
729 1372 806 1418 siti
854 1372 1021 1425 affecti,
1069 1372 1207 1418 attriti
1254 1377 1298 1418 et
1344 1371 1555 1418 tabefacti

106 1458 228 1500 sunt.
258 1472 279 1494 »
309 1453 555 1512 Hucusque
580 1450 863 1497 Vincentius.
896 1451 1110 1506 Quamvis
1147 1455 1294 1496 autem
1332 1449 1430 1495 haec
1467 1463 1555 1494 non

108 1536 196 1576 tam
231 1530 283 1576 ad
324 1529 450 1575 initia
491 1528 744 1575 Constantii
789 1528 1046 1588 pertineant
1087 1542 1219 1587 quam
1256 1527 1310 1572 ad
1353 1532 1559 1586 tempora

107 1607 377 1667 posteriora,
409 1605 575 1666 quibus
610 1606 754 1658 solus,
785 1604 965 1651 duobus
1000 1604 1216 1650 fratribus
1248 1603 1339 1649 fato
1365 1603 1552 1656 functis,

108 1689 204 1730 toto
229 1683 401 1743 potitus
428 1682 619 1742 imperio
646 1687 732 1733 est,
758 1687 924 1733 tamen,
949 1681 1022 1726 vix
1041 1686 1312 1741 potestatem
1339 1680 1381 1724 in
1403 1679 1557 1725 Asiam

109 1768 154 1807 et
200 1761 443 1820 AEgyptum
492 1773 574 1819 per
623 1763 810 1803 mortem
859 1757 1001 1817 patris
1043 1757 1252 1817 adeptus,
1298 1755 1557 1802 Arianismo

108 1837 232 1890 favit,
263 1835 543 1881 orthodoxos
582 1834 624 1878 in
663 1833 874 1879 omnibus
912 1833 1100 1878 ditionis
1137 1847 1231 1878 suae
1272 1832 1555 1892 regionibus,

109 1928 159 1960 ac
185 1913 314 1973 proin
344 1913 476 1958 etiam
504 1912 546 1956 in
576 1911 703 1972 Syria
730 1910 1019 1964 occidentali,
1048 1910 1237 1963 vexavit,
1266 1916 1401 1970 atque
1432 1923 1557 1955 erro-

111 2005 203 2038 rem
242 1990 380 2036 variis
415 1989 656 2036 celebratis
692 1988 880 2049 synodis
917 2002 1186 2049 promovere
1222 1987 1421 2034 studuit:
1467 2000 1558 2048 quo

110 2073 304 2128 spectat,
345 2067 460 2113 inter
497 2066 598 2119 alia,
629 2065 872 2111 concilium
910 2065 1162 2112 Antiochiae
1198 2078 1315 2111 anno
1354 2063 1441 2110 341
1485 2065 1558 2110 ha-

111 2143 251 2190 bitum
277 2142 342 2205 (1).

176 2221 260 2266 Tot
284 2234 335 2265 ac
361 2224 584 2265 tantarum
610 2218 841 2264 turbarum
867 2218 936 2264 vel
970 2218 1200 2264 haereseos
1239 2231 1293 2264 ex
1326 2232 1414 2278 qua
1446 2223 1558 2264 ortae

110 2303 236 2343 erant
277 2297 397 2342 nulla
432 2297 549 2356 apud
584 2295 872 2356 Aphraatem,
902 2296 974 2341 vel
997 2295 1244 2349 levissima,
1276 2295 1444 2341 mentio
1481 2308 1556 2340 oc·

110 2374 268 2420 currit.
300 2374 430 2420 Unde
457 2373 611 2419 inferri
627 2373 729 2432 jure
749 2386 887 2432 posse
906 2376 1116 2432 putamus
1138 2386 1239 2418 eum
1260 2385 1350 2417 non
1371 2372 1414 2416 in
1436 2371 1556 2418 oeci-

111 2451 277 2497 dentali
306 2451 458 2511 aliqua
483 2450 824 2510 Mesopotamiae
849 2455 993 2509 parte,
1035 2449 1116 2495 sed
1151 2449 1370 2495 orientem
1397 2462 1558 2495 versus

111 2528 230 2574 circa
258 2527 464 2574 Persidis
490 2527 604 2574 fines
630 2527 764 2574 vitam
792 2527 994 2589 degisse.
1020 2527 1131 2584 Quis
1151 2526 1334 2573 enimin
1360 2525 1556 2573 animum

154 2717 201 2753 Η)
226 2715 295 2749 Csr.
318 2715 445 2754 Mansi,
464 2719 486 2748 ῑΔ
510 2716 553 2753 ΙΙ,
572 2715 640 2748 col.
664 2715 760 2748 ¹306.
