1737 2950
719 174 1010 215 „303--

143 303 239 354 tici,
269 301 344 362 qui
383 301 539 347 eodem
572 306 726 346 carent
749 300 952 360 psychici
979 305 1294 359 nuncupantur
1320 303 1385 358 (ι).
1420 297 1581 342 Eadem

145 378 238 425 fere
271 378 497 425 sentiendi
534 377 856 437 scribendique
891 376 1005 422 ratio
1040 375 1240 422 occurrit
1272 374 1389 435 apud
1424 373 1584 434 Orige-

146 470 263 503 nem.
291 456 503 512 Quaedam
531 456 629 502 loca
657 469 710 502 ex
736 461 927 515 utroque
954 455 1032 500 illo
1052 460 1236 500 auctore
1260 452 1420 499 afferre
1440 452 1584 511 juvat,

146 547 235 594 quo
260 533 501 593 Aphraatis
527 532 812 586 orthodoxia,
837 531 889 577 ad
911 537 1182 592 praesentem
1210 530 1439 577 materiam
1466 529 1588 590 quod

147 611 322 666 attinet,
352 625 404 657 ex
431 609 715 655 manifestato
754 608 851 668 ejus
888 623 989 655 cum
1027 608 1206 655 caeteris
1244 607 1453 653 Patribus
1480 620 1587 653 con-

147 703 286 736 sensu
313 688 356 734 in
383 687 568 734 clariori
596 687 695 733 luce
721 691 930 746 ponatur.

215 766 290 812 Sic
314 770 654 826 argumentatur
680 764 879 810 lrenaeus
905 760 969 827 (a),
999 777 1233 825 exponens
1270 764 1418 811 locum
1444 763 1588 823 Apos-

150 843 228 889 toli
257 843 288 902 (Ι
316 842 420 888 Cor.
452 842 546 895 XV,
577 840 651 903 50)
682 857 690 887 :
722 843 834 889 Caro
868 849 911 888 et
945 844 1132 900 sanquis
1168 856 1355 901 regnum
1393 843 1471 888 Dei
1506 857 1594 888 non

146 921 448 979 possz'debunt,
471 935 560 980 quo
587 920 767 966 sectarii
794 920 847 966 ad
875 934 980 966 suas
1007 920 1312 980 blasphemias
1338 920 1595 966 suadendas

151 998 449 1045 abutebantur
480 1014 487 1042 :
521 1017 543 1039 c<
570 998 616 1043 ld
645 998 860 1059 estquod
898 998 953 1044 ab
990 999 1200 1046 omnibus
1237 1000 1463 1046 haereticis
1489 1014 1595 1060 pro·

153 1075 294 1122 fertur
319 1076 363 1121 in
400 1076 639 1122 amentiam
676 1090 820 1131 suam,
856 1091 909 1123 ex
946 1090 1035 1137 quo
1073 1082 1117 1122 et
1157 1090 1240 1124 nos
1277 1076 1523 1131 retardare,
1553 1081 1598 1123 et

153 1152 396 1199 ostendere
422 1159 660 1208 conantur,
692 1167 780 1200 non
808 1154 969 1200 salvari
995 1154 1339 1214 plasmationem
1367 1154 1470 1208 Dei;
1508 1167 1597 1200 non

154 1232 492 1293 conspicientes
530 1233 634 1293 quia
667 1239 773 1279 sunt
799 1233 900 1287 tria,
930 1247 983 1279 ex
1010 1233 1191 1293 quibus,
1219 1232 1597 1294 quemadmodum

155 1311 458 1364 ostendimus,
506 1311 735 1371 perfectus
773 1311 906 1358 homo
942 1317 1137 1366 constat,
1181 1326 1332 1367 carne,
1369 1311 1515 1356 anima
1556 1316 1600 1356 et

157 1388 321 1448 spiritu
352 1405 360 1434 :
394 1394 438 1435 et
463 1388 604 1434 altero
631 1388 814 1448 quidem
842 1389 1041 1434 salvante
1077 1395 1121 1434 et
1158 1389 1399 1450 figurante,
1428 1389 1505 1449 qui
1531 1393 1602 1434 est

157 1466 373 1526 spiritus;
403 1466 545 1512 altero
572 1466 692 1526 quod
721 1466 872 1512 unitur
897 1473 941 1512 et
966 1466 1201 1521 formatur,
1231 1466 1352 1527 quod
1380 1473 1449 1513 est
1474 1480 1597 1519 caro;

161 1543 201 1588 id
228 1557 335 1590 vero
361 1543 482 1604 quod
510 1544 627 1589 inter
664 1544 758 1590 haec
793 1551 863 1590 est
897 1543 1005 1598 duo,
1039 1545 1160 1604 quod
1197 1551 1268 1590 est
1303 1543 1471 1597 anima;
1502 1557 1602 1604 quae

158 1621 400 1682 aliquando
426 1621 609 1681 quidem
637 1622 924 1682 subsequens
951 1622 1184 1682 spiritum,
1215 1623 1417 1668 elevatur
1441 1622 1494 1667 ab
1521 1636 1598 1674 eo;

159 1698 400 1759 aliquando
435 1704 581 1744 autem
621 1699 915 1745 consentiens
953 1699 1094 1753 carni,
1125 1699 1294 1745 decidit
1320 1699 1363 1743 in
1400 1704 1603 1745 terrenas

161 1777 572 1837 concupiscentias.
601 1777 833 1837 Quotquot
853 1791 963 1837 ergo
991 1777 1034 1821 id
1061 1777 1182 1837 quod
1209 1777 1350 1823 salvat
1374 1783 1418 1822 et
1444 1777 1605 1823 format

162 1859 205 1899 et
230 1854 443 1900 unitatem
478 1868 565 1900 non
607 1854 786 1907 babent,
818 1854 861 1899 bi
888 1860 1223 1914 consequenter
1248 1860 1379 1900 erunt
1404 1861 1448 1900 et
1473 1868 1603 1900 voca-

164 1932 330 1978 buntur
355 1946 459 1978 caro
485 1938 529 1978 et
554 1932 765 1992 sanguis;
796 1932 965 1992 quippe
986 1932 1062 1992 qui
1085 1946 1174 1977 non
1203 1932 1366 1978 liabent
1387 1932 1605 1992 Spiritum

164 2010 243 2055 Dei
272 2009 315 2054 in
341 2024 407 2056 se.
440 2010 632 2070 Propter
657 2010 742 2055 boc
768 2015 914 2055 autem
950 2016 993 2056 et
1032 2010 1194 2056 mortui
1227 2010 1338 2056 tales
1365 2010 1474 2056 dicti
1501 2017 1607 2056 sunt

163 2103 187 2134 a
230 2088 421 2135 Domino
463 2088 512 2145 (3)
555 2105 562 2132 2
603 2089 745 2134 Sinite
786 2090 921 2139 enim,
970 2088 1131 2148 inquit,
1178 2095 1375 2134 mortuos
1420 2089 1608 2147 sepelire

164 2174 360 2212 mortuos
383 2180 510 2222 suos;
539 2166 752 2227 quoniam
779 2180 867 2212 non
896 2166 1060 2212 liabent
1080 2165 1290 2226 spiritum
1313 2166 1389 2226 qui
1410 2166 1609 2212 vivificet

167 2243 410 2289 hominem.
442 2244 676 2303 Quotquot
714 2249 860 2289 autem
901 2243 1061 2290 timent
1092 2243 1250 2297 Deum,
1280 2249 1324 2289 et
1349 2243 1540 2289 credunt
1564 2243 1607 2289 in

212 2426 260 2462 (¹)
289 2424 334 2456 De
359 2422 483 2456 {renaei
514 2423 745 2466 psychologia
773 2422 836 2456 cfr.
865 2423 998 2462 Siockt,
1017 2422 1206 2456 Lehrhuch
1230 2423 1294 2455 der
1319 2422 1526 2456 Gesclzichlc
1550 2424 1612 2456 der

170 2477 400 2518 philosophie
426 2477 568 2518 (mainz,
596 2479 708 2517 1875),
740 2487 798 2520 pp.
828 2478 892 2510 0282
910 2478 1045 2518 et285;
1067 2477 1151 2511 item
1180 2476 1366 2516 Schwane,
1398 2477 1613 2520 Doqmenye-

169 2532 368 2574 yeschichte
385 2533 449 2566 der
465 2534 761 2567 vornicc‘inischen
782 2533 855 2566 Zeit
874 2534 1063 2572 (munster,
1084 2533 1196 2572 ¹862),
1218 2541 1251 2574 p.
1272 2533 1336 2564 440
1353 2540 1455 2575 seqq.

215 2586 264 2627 (2)
288 2586 472 2621 Adversus
498 2588 663 2627 lzoereses,
696 2587 755 2620 lib.
785 2588 823 2626 V,
853 2595 930 2629 cap.
961 2588 1000 2627 9;
1030 2586 1123 2628 apud
1154 2585 1284 2629 migne,
1313 2585 1448 2619 Patr-ot.
1481 2586 1614 2621 Groecoe

174 2643 260 2674 tom.
280 2641 353 2680 vu,
370 2641 438 2675 col.
460 2643 555 2676 1144.

217 2696 263 2737 (3)
291 2698 370 2729 Luc.
393 2697 447 2735 ix,
468 2697 522 2729 60.
