1737 2950
629 130 929 172 „189-

60 260 236 307 initium
274 260 387 321 ejus.
416 259 596 321 quando
622 258 746 306 venit
770 263 818 305 ut
843 256 1125 304 dormientes
1149 255 1509 316 expergefaciat;

59 338 224 385 ardens
269 344 313 385 et
355 338 508 399 gravis
545 344 616 384 est
659 336 878 383 medietas
921 335 1037 394 ejus,
1085 333 1266 395 quando
1309 333 1433 379 venit
1470 338 1517 378 ut

58 414 231 461 fruetus
279 420 497 468 maturet;
548 420 706 475 gratus
754 419 798 460 et
832 411 1066 472 jucundus
1114 417 1184 458 est
1228 410 1333 456 finis
1382 410 1480 469 ejus
1502 448 1512 464 ,

59 493 239 552 quando
262 492 602 553 appropinquat
628 491 680 536 ad
709 489 1166 537 consummationem.
1205 507 1227 528 >³

126 569 272 630 Atque
320 569 416 616 baec
464 570 749 629 Ephraemus.
804 566 977 627 Ecquis
1025 580 1162 617 vero.
1224 571 1291 611 tot
1337 570 1517 624 tamque

61 646 321 707 perspicuis
348 645 626 692 testimoniis
654 643 912 705 perpensis,
941 643 1113 688 infitias
1146 649 1216 688 eat
1243 641 1364 702 quod
1393 655 1517 687 asse-

62 724 251 777 ruimus,
281 723 329 769 S.
357 724 575 769 Jacobum
604 722 783 768 scilieet
809 721 1011 767 exhiberi
1042 727 1251 780 tanquam
1289 719 1520 764 Nisibenae

62 800 259 847 civitatis
274 800 553 860 Episcopum
575 799 736 845 ordine
756 797 1092 858 chronologico
1113 796 1339 857 primum?
1354 795 1519 841 Iisdem

63 882 210 924 autem
237 882 282 923 et
309 877 419 922 illud
449 876 709 927 conficitur,
741 876 786 921 S.
818 875 1035 921 Jacobum
1077 888 1163 920 non
1203 873 1338 919 modo
1378 886 1522 932 usque

65 955 118 1000 ad
167 954 346 1001 tertiam
393 953 521 1000 urbis
565 952 906 1005 obsessionem,
955 965 1055 1011 quae
1098 965 1138 996 a.
1193 948 1288 995 350
1335 948 1518 1001 accidit,

65 1031 361 1092 superstitem
395 1044 484 1076 non
523 1030 684 1082 fuisse,
716 1029 797 1076 sed
837 1043 920 1075 nec
960 1027 1223 1079 secundam,
1266 1027 1318 1072 ad
1358 1040 1521 1071 annum

68 1106 162 1153 346
199 1122 223 1153 a
260 1121 411 1154 rerum
438 1113 667 1168 gestarum
707 1105 1016 1166 scriptoribus
1054 1105 1255 1157 relatam,
1295 1103 1521 1163 attigisse,

68 1185 157 1231 imo
182 1185 318 1245 paulo
345 1190 450 1245 post
476 1184 666 1244 primam
689 1189 733 1229 et
759 1183 934 1228 initium
963 1182 1088 1235 belli,
1113 1195 1164 1227 ac
1184 1181 1316 1242 proin
1339 1195 1378 1226 a.
1406 1177 1518 1230 338,

68 1267 117 1308 ut
144 1262 271 1308 multi
298 1267 343 1308 et
368 1261 628 1322 gravissimi
667 1265 892 1306 testantur
927 1265 1158 1312 auctores,
1193 1258 1313 1304 diem
1350 1257 1524 1303 obiisse

71 1352 350 1399 supremum.
383 1339 446 1384 Ex
478 1338 689 1384 adductis
727 1350 921 1397 namque
960 1337 1073 1382 locis
1111 1336 1272 1396 liquet,
1314 1334 1524 1394 singulos

71 1417 298 1463 Praesules
333 1416 529 1477 singulis
567 1415 763 1462 civitatis
801 1414 1223 1475 oppugnationibus
1260 1412 1445 1458 affuisse
1482 1418 1525 1457 et

67 1493 289 1540 adversus
317 1494 527 1555 singulos
555 1493 829 1539 obsessores
856 1506 952 1538 eam
990 1492 1130 1538 tuitos
1168 1504 1287 1544 esse,
1327 1490 1523 1549 primum

68 1577 218 1618 autem
243 1571 508 1618 Antistitem
534 1578 629 1617 tum
656 1570 746 1617 fato
774 1570 974 1616 functum
1014 1583 1114 1615 cum
1140 1569 1307 1615 bellum
1339 1567 1523 1613 inchoa·

68 1655 213 1704 retur,
245 1649 473 1710 siquidem
503 1668 525 1690 «
553 1649 687 1709 quies
725 1654 769 1694 et
807 1647 920 1694 ordo
961 1647 1242 1694 intraverunt
1274 1659 1374 1691 cum
1403 1658 1456 1690 eo
1483 1649 1526 1690 et

69 1728 252 1788 egressi
279 1732 387 1774 sunt
411 1741 513 1773 cum
540 1741 610 1773 eo.
643 1746 664 1767 >³

141 1805 316 1865 Neque,
347 1804 468 1865 quod
495 1804 657 1850 attinet
682 1803 735 1849 ad
763 1817 913 1848 veram
940 1802 995 1848 de
1031 1801 1365 1861 Episcoporum
1403 1799 1525 1845 Nisi-

74 1881 293 1927 benorum
322 1881 619 1927 successione
645 1886 689 1926 et
723 1879 778 1925 de
818 1879 863 1925 S.
895 1877 1053 1926 Jacobi
1080 1877 1204 1924 obitu
1234 1875 1522 1929 sententiam,

74 1958 239 2004 morari
272 1971 356 2004 nos
395 1957 547 2009 debet,
586 1963 633 2002 ut
675 1956 783 2001 mihi
823 1955 1020 2007 videtur,
1051 1953 1296 1999 auctoritas
1331 1952 1525 1998 chrono-

73 2034 235 2095 graphi
266 2034 388 2081 omni
427 2033 706 2093 caeteroquin
747 2032 835 2078 fide
871 2032 1018 2092 digni,
1049 2031 1159 2077 Eliae
1195 2028 1420 2079 Nisibeni,
1451 2027 1528 2088 qui

71 2111 226 2156 verbis
266 2125 403 2171 supra
446 2109 649 2169 recitatis
682 2108 730 2171 (1)
757 2114 924 2161 narrat,
966 2107 1160 2153 Babuaeo
1199 2105 1248 2153 S.
1289 2105 1523 2158 Jacobum,

73 2188 346 2248 Vologesem
375 2188 420 2233 S.
445 2188 634 2241 Jacobo,
666 2188 790 2233 nnllo
817 2187 904 2232 alio
932 2185 1259 2237 intercedente,
1288 2183 1527 2229 suffectum

75 2264 237 2311 fuisse.
270 2266 378 2310 Nam
406 2270 709 2325 praeterquam
737 2263 858 2324 quod
887 2262 1004 2309 idem
1027 2262 1228 2321 scriptor
1255 2259 1419 2305 ibidem
1448 2271 1527 2303 no-

78 2340 252 2387 biscum
295 2341 338 2386 in
383 2340 426 2385 id
471 2354 689 2400 expresse
735 2339 964 2386 consentit
1004 2337 1124 2398 quod
1168 2342 1302 2396 caput
1338 2334 1403 2380 rei
1441 2339 1526 2391 est,

76 2417 294 2463 Jacobum
320 2416 536 2463 videlicet
561 2430 678 2462 anno
705 2413 800 2461 338
822 2420 1047 2462 mortuum
1074 2426 1195 2466 csse,
1219 2425 1351 2458 nemo
1372 2410 1528 2470 utique

78 2492 302 2540 dubitabit
320 2493 565 2553 Ephraemi,
590 2492 724 2538 testis
749 2491 907 2544 coaevi,
929 2490 1243 2537 auctoritatem
1265 2486 1528 2534 testimonio

124 2659 172 2697 (ι)
198 2658 301 2700 pagg.
322 2657 386 2690 ¹82
402 2661 437 2690 et
456 2657 532 2690 ¹86.
