1737 2950
649 180 697 189 ——
756 155 836 198 2153
892 178 944 187 —

72 298 206 332 cesse
239 286 342 339 erit,
379 285 831 340 demonstrabuntur,
860 285 933 331 ubi
972 298 1073 346 quae
1107 285 1163 332 de
1196 285 1342 331 anima
1378 285 1514 332 tradit

74 368 232 411 auctor
256 363 585 426 expendemus

140 442 204 490 De
246 442 335 490 fide
381 443 575 504 aliisque
621 441 1006 504 dispositionibus
1047 441 1102 487 ad
1138 440 1513 500 justificationem

74 519 310 581 requisitis
334 520 439 569 talia
464 520 625 567 scribit
649 519 919 580 AphraateS‚
948 532 1050 579 quae
1075 518 1229 565 haberi
1264 518 1443 579 possint
1468 524 1516 565 ut

75 597 318 658 perspicua
336 597 543 658 quaedam
563 595 791 658 expositio
817 595 1038 643 doctrinae
1063 595 1186 642 illius
1211 595 1464 650 catholicae,
1494 611 1518 643 a

75 679 366 721 sacrosancta
391 674 655 721 Tridentina
677 673 853 735 synodo
879 672 1146 720 solemniter
1170 672 1408 719 declaratae
1429 673 1479 732 (ι)
1505 690 1512 718 ;

77 769 100 792 «
125 750 260 798 Fides
299 757 370 798 est
412 751 615 798 humanae
655 750 816 797 salutis
861 749 1055 805 initium,
1099 749 1440 796 fundamentum
1475 757 1519 796 ct

77 827 202 874 radix
243 828 392 875 omnis
429 827 800 888 justificationis,
847 826 946 873 sine
989 841 1076 887 qua
1119 826 1405 887 impossibile
1451 834 1521 874 est

77 905 256 966 placere
280 906 375 952 Deo
401 911 446 952 et
470 905 524 951 ad
551 905 747 951 filiorum
774 903 871 964 ejus
896 903 1182 950 consortium
1207 904 1463 964 pervenire.
1493 923 1515 945 n

74 982 172 1029 Jam
195 982 239 1028 in
264 981 548 1044 antegressis
583 982 695 1028 hano
722 994 776 1028 ex
803 981 948 1041 ipsius
976 994 1055 1028 ore
1081 980 1352 1027 sententiam
1386 994 1519 1028 exce-

77 1060 228 1122 pimus
246 1060 296 1121 (2)
324 1077 331 1105 :
359 1079 381 1102 «
407 1059 688 1120 Principium
713 1058 914 1106 omnium
941 1059 1162 1106 bonorum
1188 1072 1377 1120 operum
1399 1059 1521 1106 istud

76 1151 228 1185 coram
269 1138 362 1185 Deo
397 1136 664 1198 requiritur,
696 1142 741 1182 ut
767 1135 1005 1183 credamus
1041 1151 1178 1183 unum
1212 1150 1316 1183 esse
1352 1137 1516 1189 Deum;

77 1221 171 1262 turn
219 1214 529 1262 necessarium
577 1219 648 1260 est
695 1219 742 1259 ut
790 1212 895 1259 fidei
944 1213 1160 1260 addamus
1210 1213 1521 1260 mandatorum

78 1292 514 1340 observationem.»
559 1291 733 1337 Pariter
775 1289 1028 1338 audivimus
1071 1291 1370 1352 explicantem
1413 1291 1521 1352 quid

80 1370 184 1417 fidei
223 1369 468 1416 salutiferae
513 1368 693 1413 nomine
736 1367 977 1428 intelligat,
1019 1382 1180 1429 nempe
1218 1382 1305 1415 non
1344 1368 1521 1414 inanem

79 1449 218 1504 illam,
247 1461 380 1509 quam
400 1447 572 1507 jactant
610 1447 941 1500 Protestantes,
972 1446 1182 1493 fiduciam
1220 1446 1276 1493 de
1313 1451 1521 1507 peccato-

80 1541 177 1573 rum
204 1525 536 1573 condonatione
573 1538 654 1584 per
691 1530 921 1570 externam
961 1524 1302 1585 imputationem
1337 1523 1522 1571 merito-

79 1618 177 1650 rum
203 1609 247 1650 et
265 1601 456 1662 justitiae
483 1601 668 1654 Christi,
700 1600 781 1646 sed
809 1600 986 1647 firmum
1014 1601 1177 1648 mentis
1210 1615 1449 1648 assensum
1476 1600 1519 1645 in

79 1683 230 1732 omnia
254 1696 354 1743 quae
374 1682 495 1727 Deus
522 1680 654 1726 nobis
679 1679 911 1726 revelavit.
938 1698 960 1721 «
987 1680 1094 1726 Haec
1115 1685 1185 1726 est
1210 1686 1358 1726 autem
1384 1678 1517 1732 fides,

80 1761 141 1807 ait
173 1759 239 1821 (3),
279 1765 327 1805 ut
358 1757 514 1805 credat
550 1758 684 1804 homo
719 1757 763 1801 in
806 1757 965 1810 Deum,
1014 1771 1163 1803 rerum
1208 1756 1519 1803 universarum

81 1836 340 1889 Dominum,
375 1835 452 1895 qui
483 1834 590 1880 fecit
621 1834 784 1879 coelum
816 1838 858 1878 et
891 1839 1140 1878 terram...
1177 1832 1244 1878 Ad
1276 1847 1372 1879 eam
1409 1831 1518 1877 illud

81 1927 263 1977 quoque
296 1912 511 1973 pertinet,
551 1910 672 1972 quod
706 1909 944 1956 credamus
978 1910 1359 1957 resurrectionem
1403 1923 1521 1956 mor—

81 1999 260 2040 tuorum
287 1998 330 2037 et
356 1988 576 2050 Baptismi
607 1987 1028 2034 Sacramentum...
1059 2007 1080 2029 »

148 2068 287 2128 Cujus
336 2066 466 2120 fidei,
520 2065 747 2125 simulque
789 2064 1011 2111 bonorum
1060 2079 1274 2126 operum,
1323 2065 1523 2111 necessi—

80 2154 217 2195 tatem
253 2146 321 2193 sic
362 2142 424 2207 (ut
467 2144 553 2190 hoo
594 2142 846 2204 specimine
889 2148 1000 2203 utar)
1040 2143 1234 2190 inculcat
1263 2142 1311 2203 (4)
1352 2160 1361 2189 2
1395 2162 1416 2184 α
1443 2143 1521 2189 Se-

82 2224 266 2286 quentia
297 2236 417 2270 nunc
449 2221 606 2282 accipe
641 2221 697 2268 de
735 2219 823 2267 fide
859 2234 960 2282 quae
995 2228 1137 2282 petrae
1168 2220 1525 2282 superimposita

82 2308 127 2349 et
167 2301 223 2348 de
269 2299 464 2348 aedisicio
505 2299 627 2360 quod
670 2298 818 2345 eidem
865 2305 1231 2359 superstructum
1278 2304 1364 2345 est.
1425 2297 1521 2343 Pri-

126 2454 174 2494 (1)
199 2452 294 2485 Sess.
314 2451 369 2490 Vt.
388 2448 714 2491 dejustz'licatione,
733 2456 813 2491 cap.
835 2450 924 2482 vm.

129 2519 178 2560 (ἱ)
201 2517 366 2562 Wright.,
386 2526 419 2560 p.
441 2515 542 2572 ..ἂι
563 2536 573 2546 .
596 2514 666 2550 cfr.
686 2523 782 2557 sup..
802 2524 836 2558 p.
855 2515 914 2549 25¹

131 2597 179 2637 (5)
205 2595 370 2639 wrigffl„
391 2605 424 2639 p.
450 2601 549 2631 aa,
577 2598 725 2636 etsup.‚
747 2604 782 2636 p.
800 2593 878 2634 229,
900 2599 972 2628 noi.
997 2596 1025 2626 ι.

130 2673 180 2713 (4)
203 2671 341 2715 Wright
360 2697 370 2713 .
395 2682 429 2716 p.
455 2676 470 2716 1
496 2681 559 2716 seq
579 2682 587 2704 t
618 2662 808 2710 QLU?
831 2689 840 2699 -
859 2663 1050 2706 ideam-en
1072 2664 1173 2701 &3
1189 2672 1307 2715 Q
1332 2678 1404 2722 ἵ..)
1428 2665 1529 2711 μοι)

89 2758 264 2809 (ἑο-,σὼ
287 2746 379 2814 μ(
404 2751 562 2814 >05:05
588 2779 597 2789 .
623 2750 711 2796 Lala
747 2748 1142 2804 Κ-δώφὶωε
1167 2749 1266 2788 ΜΦ
1292 2777 1301 2788 .
1329 2750 1534 2796 ιεῑεᾫδ
