1737 2950
744 144 1035 188 ...200-

252 350 306 394 ll.
349 348 663 408 Expediuntur
681 348 935 407 peculiares
958 349 1247 406 difficultates
1270 362 1371 408 quae
1394 355 1547 395 contra

460 428 662 474 Homiliae
686 428 748 474 XI
756 429 788 473 V
804 431 1035 487 γνησιότητα
1059 428 1329 485 afferuntur.

241 572 526 627 Antoncllus,
555 574 632 634 qui
657 575 886 620 Sermones
911 587 964 620 ex
991 573 1048 620 iis
1071 587 1187 634 quos
1220 571 1364 620 edidit
1397 572 1612 620 duodevi-

175 650 289 710 ginti
311 650 357 696 S.
380 649 550 697 Jacobo
570 650 790 697 Nisibeno
808 650 984 705 tribuit,
1008 650 1064 697 de
1085 650 1244 696 ultimo
1266 648 1458 711 (ed.Wr.
1483 650 1612 708 XIV),

175 727 251 787 qui
293 726 413 772 circa
447 726 638 773 dissidia
673 733 717 773 ct
753 727 998 774 schismata
1039 727 1083 772 in
1120 726 1289 787 populo
1327 725 1448 773 fideli
1481 732 1614 787 atque

176 804 299 849 clero
346 809 500 849 exorta
545 810 767 857 versatur,
816 803 982 850 dubius
1026 803 1232 857 haesitat,
1279 802 1332 848 ad
1376 816 1614 864 quemnam

176 887 405 927 auctorem
431 881 696 927 referendus
734 881 817 934 sit;
859 887 903 927 et
937 881 981 926 in
1017 881 1062 926 id
1097 881 1386 927 vehementer
1418 894 1614 941 propen-

176 958 268 1004 det.
299 965 346 1004 ut
371 959 632 1018 pronuntiet
657 973 755 1005 eum
784 973 836 1005 ex
862 959 949 1005 alio
984 959 1106 1005 fonte
1146 959 1410 1006 manavisse.
1439 957 1617 1019 Allegat

176 1043 323 1081 autem
349 1036 548 1082 rationes
574 1036 706 1095 hujus
731 1035 1010 1082 discriminis
1037 1042 1252 1096 quatuor;
1277 1050 1377 1097 quae
1397 1040 1442 1082 et
1460 1042 1616 1083 contra
1690 1090 1692 1097 Ι

177 1113 472 1173 Apbraatem,
511 1113 548 1159 si
584 1113 943 1167 admitterentur,
986 1127 1039 1159 eo
1076 1127 1215 1159 sensu
1248 1113 1339 1159 vim
1374 1112 1614 1164 baberent,

178 1191 299 1252 quod
333 1196 601 1251 sequeretur
634 1191 769 1237 alium
806 1204 908 1237 esse
945 1191 1154 1249 Epistoloe
1187 1191 1301 1244 XIV,
1339 1191 1473 1237 alium
1511 1190 1615 1236 reli-

180 1283 368 1328 quarum
410 1269 713 1327 Epistolarum
755 1268 1041 1328 scriptorem.
1091 1267 1197 1313 Ideo
1246 1267 1301 1313 de
1343 1267 1434 1313 illis
1475 1281 1617 1327 pauca

179 1346 449 1391 subnectere
479 1345 626 1391 visum
661 1353 747 1392 est.
780 1347 874 1402 Qua
909 1345 1082 1391 ratione
1116 1359 1192 1392 eas
1225 1351 1449 1405 proponat
1481 1343 1617 1391 Anto-

182 1423 329 1469 nellus
354 1422 587 1470 audiamus
612 1422 677 1485 (1).

249 1519 269 1540 «
299 1501 567 1553 Sermonem,
595 1501 671 1553 ait,
708 1514 787 1546 seu
823 1500 975 1560 potius
1001 1501 1243 1558 Epi-stolam
1277 1513 1377 1560 quae
1412 1500 1619 1560 sequitur

182 1591 285 1623 esse
324 1577 368 1623 S.
400 1577 555 1623 Jacobi
592 1578 780 1623 maxime
815 1578 973 1623 dubito
1003 1594 1010 1622 :
1042 1577 1236 1637 primum
1271 1576 1376 1637 quia
1410 1577 1530 1623 nulla
1562 1577 1618 1624 dc

183 1671 233 1702 ca
271 1656 438 1702 mentio
472 1663 542 1702 est
574 1657 689 1716 apud
723 1655 1018 1704 Gennadium,
1060 1656 1136 1715 qui
1171 1655 1297 1700 solus
1333 1668 1385 1700 ex
1420 1654 1619 1715 antiquis

183 1748 369 1795 operum
397 1734 442 1779 S.
474 1734 685 1779 Doctoris
710 1733 916 1778 Nisibeni
942 1732 1195 1792 catalogum
1227 1731 1359 1778 nobis
1390 1730 1614 1784 exhibuit;

185 1810 386 1858 secundo
412 1810 515 1870 quia
553 1810 652 1870 ipse
687 1810 897 1856 librarius
933 1809 1008 1869 qui
1046 1808 1252 1854 codicem
1277 1808 1465 1868 scripsit
1488 1808 1543 1854 de
1568 1821 1619 1854 ea
1682 1821 1684 1826 ·

183 1888 365 1939 dubius,
396 1893 617 1947 quatenus
643 1901 694 1933 ex
722 1887 868 1947 ipsius
894 1886 1063 1939 verbis,
1091 1899 1192 1946 quae
1227 1884 1415 1931 inferius
1445 1884 1617 1931 adscri-
1672 1883 1679 1896 ⁸

184 1965 300 2016 bam,
331 1963 589 2023 conjectura
614 1964 794 2024 assequi
823 1977 1028 2023 possum,
1068 1962 1208 2008 fuisse
1242 1962 1441 2015 videtur;
1484 1962 1618 2008 tertio

183 2043 286 2103 quia
330 2043 479 2095 stilus,
525 2041 687 2088 modus
729 2056 779 2087 ac
820 2041 932 2087 ratio
975 2040 1205 2087 scribendi
1247 2038 1487 2086 dissimilis
1527 2045 1614 2094 cst,

183 2119 457 2178 minimeque
494 2132 594 2164 cum
632 2118 946 2178 superioribus
982 2119 1265 2163 Sermonibus
1295 2129 1376 2162 seu
1409 2117 1620 2174 Epistolis
1672 2147 1678 2183 .'
1736 2146 1737 2159 i

183 2196 503 2247 consentiens;
560 2195 737 2242 demum
793 2196 897 2256 quia
946 2197 1141 2254 Epistola
1196 2194 1413 2255 synodica
1459 2199 1530 2240 est
1575 2200 1620 2240 ct

184 2274 424 2319 multorum
461 2272 641 2318 nomine
676 2272 862 2332 scripta,
905 2286 990 2317 non
1027 2277 1170 2317 autem
1209 2271 1254 2317 S.
1295 2270 1452 2317 Jacobi
1485 2270 1618 2330 Epis-

182 2350 302 2409 copi,
333 2349 462 2408 cujus
488 2363 634 2409 neque
660 2363 840 2403 nomen,
873 2363 1019 2409 neque
1050 2348 1326 2409 episcopalis
1350 2347 1550 2408 dignitas
1574 2353 1620 2394 ct

179 2427 442 2480 auctoritas,
495 2427 703 2486 nullaque
751 2426 851 2483 alia,
901 2440 1001 2486 quae
1048 2426 1195 2486 aliqua
1242 2439 1295 2471 ex
1342 2430 1469 2485 parte
1517 2438 1616 2471 eum
1668 2423 1674 2461 ·'

177 2509 406 2549 auctorem
433 2502 575 2549 fuisse
599 2502 796 2549 obscure
818 2502 977 2548 saltem
1004 2501 1222 2556 indicent,
1251 2506 1483 2562 apparent.
1519 2519 1542 2542 »

221 2690 269 2734 (t)
295 2688 352 2721 ‘tsr
384 2690 418 2723 S.
438 2689 545 2724 Jacob
565 2717 573 2729 ,
592 2689 658 2729 Ep.
678 2689 811 2727 Nisib..
830 2689 1006 2728 Sermoni,
1025 2697 1059 2730 p.
1079 2689 1155 2722 401.
