1737 2950
702 213 972 255 ,δρψ

111 346 285 390 Domini
328 344 426 388 vult
468 343 676 387 habitare
719 354 806 386 non
855 340 1123 400 [ὶιεηεναιιιν.
1173 340 1363 399 insuper
1412 343 1559 384 autem

109 422 330 481 scriptum
374 426 461 474 est,
493 420 537 465 in
579 405 680 466 eum
720 417 797 479 qui
842 431 930 463 non
975 417 1237 471 foeneratur,
1272 431 1356 463 nec
1397 431 1559 463 usuras

108 498 267 559 exigit,
297 510 445 557 neque
477 496 613 542 ullam
640 494 882 541 committit
914 507 965 540 ex
999 493 1413 540 abominationibus
1445 507 1557 554 quas

108 581 318 623 recenset
344 575 551 621 Ezechiel
593 575 733 620 Deum
769 572 1037 618 benevolum
1073 586 1175 618 esse
1202 570 1267 631 (t).
1308 571 1421 617 Sunt
1458 571 1557 632 qui-

108 653 207 699 dam
246 653 333 698 hoc
359 657 563 712 tempore
589 651 665 711 qui
694 650 780 696 vim
809 650 853 694 in
882 649 1103 709 regimine
1129 649 1345 694 adhibent
1372 656 1413 695 et
1435 649 1555 707 judi-

108 730 226 775 cium
255 734 537 789 pervertunt,
570 727 860 773 admittentes
893 740 1191 786 personarum
1224 725 1552 785 acceptionem.

109 794 230 852 Reos
264 805 505 851 absolvunt
543 810 587 849 et
624 803 837 848 damnant
872 803 1163 855 innocentes;
1208 802 1372 848 divites
1407 802 1559 848 favore

109 888 449 944 prosequuntur
474 888 517 928 et
541 895 762 941 pauperes
788 880 893 926 odio
922 881 1108 933 habent;
1134 880 1316 940 seipsos
1343 885 1553 939 pascunt,

107 972 388 1021 gregemque
420 958 711 1017 dispergunt.
750 956 944 1002 Mundus
980 970 1060 1003 eos
1095 956 1359 1003 obcaecavit.
1396 956 1559 1001 Amant

108 1050 310 1090 munera,
342 1035 566 1095 repellunt
604 1034 881 1093 aequitatem,
922 1034 1325 1093 reprehensionem
1364 1033 1559 1079 oderunt

107 1120 152 1160 et
175 1113 374 1173 diligunt
399 1111 753 1171 improbitatem.
787 1111 1004 1156 Homines
1043 1103 1236 1157 humiles
1271 1116 1553 1163 aversantur,

108 1191 151 1236 in
180 1191 341 1243 elatos,
383 1193 649 1249 arrogantes
687 1193 731 1233 et
767 1187 993 1247 superbos
1029 1188 1265 1247 propensi.
1308 1188 1357 1232 In
1395 1187 1557 1233 diebus

108 1281 263 1314 eorum
306 1267 379 1312 lux
422 1266 662 1312 obscurata
700 1271 786 1318 est,
834 1264 898 1309 sal
938 1263 1186 1324 insipidum
1230 1264 1412 1318 factum,
1454 1265 1557 1311 doc—

107 1345 224 1391 trina
246 1343 449 1389 tenebris
485 1342 698 1388 obvoluta
718 1341 856 1400 jacet,
887 1341 957 1387 lex
995 1341 1266 1402 negligitur;
1302 1342 1431 1388 vinca
1457 1356 1557 1388 vas-

107 1428 196 1469 tata
245 1422 326 1468 fuit
373 1427 417 1467 et
462 1420 652 1480 protulit
701 1419 882 1479 spinas;
939 1419 1271 1465 dormientibus
1317 1420 1555 1480 agricolis,

107 1499 319 1545 inimicus
358 1498 525 1543 zizania
568 1511 647 1542 sua
691 1496 946 1542 seminavit.
995 1498 1311 1542 Intumuerunt
1366 1498 1555 1549 fluctus,

107 1575 292 1622 invaluit
319 1575 538 1635 procella,
569 1579 628 1627 et,
661 1573 809 1618 nautis
837 1587 998 1619 somno
1026 1573 1210 1629 deditis,
1239 1587 1393 1620 eorum
1421 1588 1557 1620 naves

108 1654 358 1700 submersae
385 1652 526 1698 fuere.
558 1651 719 1697 Clausa
756 1656 827 1696 est
865 1651 951 1704 lex,
982 1650 1134 1696 divina
1172 1658 1399 1711 praecepta
1436 1652 1558 1698 obsi-

106 1736 241 1791 gnata
267 1735 389 1783 sunt,
420 1742 503 1774 nec
528 1728 697 1788 populo
725 1727 942 1773 sacerdos
977 1728 1232 1774 dissimilis.
1263 1729 1559 1789 Magistratus

108 1807 220 1866 petit
246 1807 379 1858 dona,
403 1806 542 1864 judex
570 1805 658 1851 sibi
691 1819 874 1850 munera
911 1805 1061 1851 afferri
1094 1805 1241 1864 jubet,
1278 1806 1354 1866 qui
1392 1813 1557 1865 praeest

106 1898 190 1943 pro
239 1882 426 1928 arbitrio
475 1882 625 1927 omnia
678 1881 897 1940 disponit.
955 1881 1263 1928 Contemnunt
1310 1896 1554 1942 pauperes,

108 1960 301 2005 miseros
337 1973 360 2003 a
399 1972 448 2004 se
487 1959 729 2017 repellunt.
773 1958 817 2002 Si
856 1958 964 2017 quid
1003 1958 1252 2003 vorandum
1297 1959 1554 2017 objiciatur,

106 2037 356 2097 praedicant
382 2050 555 2095 pacem,
589 2035 631 2079 in
667 2049 767 2080 eum
805 2041 952 2080 autem
989 2035 1065 2094 qui
1102 2036 1213 2079 nihil
1242 2035 1440 2081 alimenti
1470 2036 1557 2081 sibi

107 2113 369 2173 suppeditat
396 2112 562 2158 bellum
590 2111 857 2156 annuntiant
882 2110 950 2171 (2).
984 2111 1316 2158 Abominantur
1334 2111 1556 2170 judicium

107 2198 150 2237 et
176 2191 326 2236 omnia
351 2195 473 2236 recta
512 2194 801 2249 pervertunt;
842 2188 1069 2234 :edificant
1107 2189 1214 2235 Sion
1252 2188 1297 2233 in
1336 2189 1558 2249 sanguine

151 2351 197 2390 (.)
222 2350 291 2383 Ct'r.
314 2350 438 2382 Ezech.
461 2351 580 2387 XVlll,
599 2354 630 2383 8,

151 2404 200 2444 (Ξ)
227 2405 307 2437 Haec
323 2412 365 2437 ex
384 2403 486 2438 Mich.
512 2405 571 2443 lt.,
590 2406 624 2443 5,
646 2404 717 2437 fere
731 2405 774 2437 ad
793 2404 948 2438 litteram
967 2405 1157 2447 desumpta
1176 2410 1273 2438 sunt.
1292 2408 1341 2439 lta
1359 2407 1456 2440 enini
1475 2408 1556 2441 ille:

105 2471 127 2490 «
143 2459 209 2501 Qui
228 2459 395 2493 mordent
412 2459 582 2493 (lentibus
601 2460 690 2498 suis,
710 2465 745 2493 ct
764 2460 960 2502 praedicant
980 2469 1100 2503 pacem
1117 2472 1124 2501 ;
1140 2466 1175 2495 et
1188 2462 1217 2495 si
1230 2462 1312 2505 quis
1332 2471 1403 2496 i.on
1422 2463 1560 2497 dederit

109 2513 143 2547 in
162 2522 224 2548 ore
241 2522 366 2548 eorum
385 2515 584 2557 quippiam,
614 2515 821 2548 santiticant
844 2524 953 2558 super
981 2524 1063 2549 eum
1087 2516 1262 2559 praelium.
1284 2529 1303 2547 »
1321 2518 1457 2560 Quibus
1477 2519 1558 2552 Vul-

107 2573 197 2613 gatae
216 2569 335 2604 verbis
349 2570 491 2613 Syriaca
506 2571 564 2604 hic
580 2571 729 2604 omnino
744 2571 990 2605 consentiunt.
1013 2573 1274 2615 propositionis
1292 2578 1410 2608 autem
1430 2583 1560 2608 sensus

108 2625 200 2666 apud
220 2625 430 2667 Aphraatern
453 2625 509 2657 hic
527 2629 581 2658 est
601 2636 607 2656 :
631 2627 760 2659 Pravos
779 2626 860 2660 illos
886 2626 1086 2660 animarum
1120 2631 1297 2669 pastore&
1329 2634 1434 2671 prout
1462 2638 1558 2663 coni-

108 2679 212 2712 moda
245 2683 278 2711 et
312 2679 403 2712 hona
439 2680 620 2712 terrestria
655 2681 698 2713 ab
729 2680 850 2723 aliquo
882 2689 1065 2723 accepere,
1096 2683 1148 2716 vcl
1181 2690 1266 2724 non,
1297 2683 1412 2717 eidem
1444 2683 1556 2717 fausta

109 2733 272 2775 laetaque,
292 2736 344 2768 vel
364 2734 518 2768 infausta
537 2743 656 2769 omnia
677 2735 874 2770 vaticinari.
