1737 2950
727 221 988 263 ‚90-

139 357 180 395 et
205 349 451 394 Jerusalem
492 348 534 392 in
574 346 806 407 iniquitate
831 352 900 406 (1).
933 345 1075 404 Hujus
1112 345 1307 391 civitatis
1341 344 1572 404 principes

140 432 326 486 propter
353 438 534 470 munera
561 424 636 483 jus
673 424 829 470 dicunt
864 429 908 468 et
938 422 1199 468 sacerdotes
1224 422 1322 482 ejus
1349 421 1571 468 mercedis

139 502 283 563 gratia
313 501 501 554 docent;
546 501 778 560 prophetae
812 499 1020 546 vaticinia
1055 498 1254 544 vendunt
1294 504 1339 544 et
1380 497 1571 543 Domino

141 578 388 624 confidunt.
431 578 635 624 dicentes
676 594 683 622 :
727 577 943 623 Dominus
981 576 1097 621 inter
1134 589 1235 621 nos.
1272 574 1571 630 Quamobrem

143 669 226 701 nox
253 655 320 701 eis
345 655 634 715 superveniet
659 661 702 700 et
727 668 818 714 prae
843 653 1038 713 caligine
1065 651 1226 698 mentis
1252 650 1573 711 praedictiones

141 732 275 778 edere
301 746 389 777 non
422 737 650 791 poterunt.
683 732 763 775 Irzr
801 729 921 789 pleni
959 736 1064 774 sunt
1099 735 1142 774 et
1180 728 1330 773 furore
1365 726 1569 790 accensi;

142 809 422 854 delectantur
448 808 670 862 ludibriis,
697 813 845 853 amant
882 813 1079 866 peccata,
1110 804 1257 851 dulcis
1295 804 1361 850 eis
1388 802 1573 849 maledi·

142 886 288 932 centia
313 891 478 937 mutua,
506 885 623 930 sicut
648 883 902 930 comedenti
930 883 1015 928 mel
1043 882 1085 926 in
1111 881 1256 927 favum
1287 880 1568 926 coalescens.

144 963 410 1021 Contempta
449 967 517 1008 est
559 961 779 1021 nouitas,
826 960 976 1020 fugata
1018 958 1293 1018 redargutio.
1340 957 1575 1003 Viluerunt

142 1039 224 1085 viri
262 1040 430 1084 honore
469 1038 614 1098 digni,
653 1038 887 1097 despectui
926 1037 1145 1081 habentui·
1182 1035 1423 1087 doctores;
1454 1031 1574 1092 quod
1613 1053 1616 1059 ·

145 1116 308 1161 bonum
337 1121 404 1160 est
430 1121 591 1160 vocant
616 1115 796 1167 malum,
827 1113 947 1173 quod
989 1113 1167 1165 malum,
1198 1111 1389 1163 bonum;
1430 1109 1575 1155 lucem

143 1197 300 1252 putant
325 1205 427 1236 esse
454 1191 662 1237 tenebras
699 1197 741 1235 et
778 1190 986 1235 tenebras
1012 1190 1181 1241 lueem;
1222 1186 1342 1247 quod
1379 1199 1575 1231 amarum

144 1275 213 1314 est
232 1269 362 1313 dulce
383 1268 562 1322 habent,
587 1267 706 1327 quod
733 1267 881 1320 dulce,
907 1279 1103 1311 amarum
1123 1264 1361 1311 aestimant.
1389 1262 1577 1322 Scipsos

145 1346 374 1404 sapientes
416 1350 460 1390 et
501 1343 739 1404 prudentia
775 1342 1050 1402 conspicuos
1087 1346 1317 1401 reputant;
1357 1344 1577 1385 nocentes

146 1422 407 1467 muneribus
431 1422 632 1481 acceptis
657 1422 914 1474 absolvunt,
937 1420 1163 1479 justorum
1194 1424 1340 1464 autem
1367 1417 1579 1462 innocen·

145 1499 249 1543 tiam
294 1513 382 1544 non
426 1504 628 1551 tuentur;
671 1504 824 1543 carent
861 1496 1113 1542 visionibus
1150 1502 1192 1541 et
1227 1494 1522 1554 prohibentur
1555 1509 1578 1540 a

145 1574 396 1634 prophetia.
435 1594 456 1615 »

214 1651 494 1696 Manifestum
534 1657 601 1696 ost
628 1651 913 1710 Aphraatem,
944 1651 984 1693 in
1027 1650 1111 1694 hoc
1150 1650 1267 1702 loeo,
1307 1648 1361 1693 de
1388 1647 1510 1693 vitiis
1536 1653 1580 1693 et

146 1728 344 1787 peccatis
371 1728 678 1773 ministrorum
706 1741 934 1773 sacrorum
961 1734 1047 1772 tam
1075 1726 1205 1785 primi
1233 1739 1364 1785 quam
1390 1724 1579 1770 secundi

147 1805 338 1858 ordinis,
369 1820 448 1851 seu
470 1807 840 1866 presbyterorum
878 1811 920 1850 et
958 1805 1304 1863 Episcoporum‚
1334 1802 1579 1848 sollicitum

148 1896 195 1927 se
226 1883 445 1942 praebere.
479 1884 539 1928 De
579 1884 633 1928 iis
660 1883 776 1927 enim
813 1881 1070 1927 hominibus
1097 1881 1206 1940 agit,
1237 1880 1312 1940 qui
1341 1879 1382 1924 in
1412 1879 1580 1938 populo
1643 1862 1651 1869 Ι

148 1961 394 2005 christiano
442 1961 675 2005 constituti
719 1966 821 2005 sunt
865 1967 1070 2011 rectores,
1112 1957 1309 2018 judiees,
1359 1964 1576 2014 pastores,

147 2037 411 2085 sacerdotes,
439 2039 682 2094 principes,
711 2037 934 2094 prophetie
963 2049 1042 2080 seu
1079 2035 1290 2087 doctore&
1320 2038 1365 2079 et
1390 2046 1581 2092 quorum

149 2112 339 2170 proinde
381 2119 450 2157 est
492 2120 559 2165 ut,
600 2113 725 2171 juxta
768 2111 933 2157 Christi
980 2111 1154 2156 Domini
1199 2109 1444 2162 monitum,
1490 2109 1581 2154 sint

149 2188 231 2231 lua:
269 2190 424 2234 mundi
468 2196 510 2234 et
550 2191 619 2234 sal
660 2198 808 2243 terme,
847 2190 983 2246 legyem
1018 2190 1180 2247 populo
1210 2189 1577 2244 interpretentur,

150 2267 323 2310 vineam
346 2267 696 2323 patrisfamilias
723 2265 927 2311 studiose
953 2266 1115 2316 colant,
1147 2262 1362 2308 Ecclesiae
1388 2261 1584 2322 denique

148 2345 299 2386 navim
326 2343 395 2387 vel
421 2356 622 2395 currum,
651 2341 940 2401 prudentium
979 2341 1073 2386 sive
1110 2341 1457 2398 §uber-natorum
1488 2338 1582 2384 sive

150 2422 419 2478 aurigarum
446 2433 579 2471 more,
610 2419 821 2479 dirigant.
856 2418 982 2462 Hunc
1019 2431 1120 2461 esse
1160 2416 1244 2461 loci
1271 2414 1451 2461 adducti
1478 2429 1578 2461 sen-

150 2510 249 2541 sum
276 2509 328 2540 ex
356 2496 508 2540 multis
543 2495 660 2547 aliis,
702 2495 789 2539 imo
828 2508 879 2537 ex
916 2499 1004 2538 tota
1042 2493 1239 2551 Epistola
1271 2491 1575 2537 confirmatur.

154 2572 267 2617 llinc
292 2572 505 2631 scriptor,
533 2572 733 2630 seipsum
767 2570 821 2616 iis
847 2583 1145 2615 annumerans
1170 2569 1225 2614 de
1251 2568 1415 2628 quibus
1440 2567 1583 2612 adhuc

195 2731 242 2770 (l)
267 2729 334 2763 cfr.
358 2729 459 2763 nich.
481 2730 610 2768 iimo
