1737 2950
669 180 964 222 „155-

84 307 189 367 lpse
212 308 455 366 Epistolam
475 307 589 352 hanc
623 306 829 367 scripsit,
857 320 1047 366 eamque
1070 306 1125 352 ad
1150 305 1357 351 abbatem
1385 318 1538 366 quem·

84 383 185 429 dam
212 383 352 430 misit.
379 403 400 425 »
423 384 487 430 De
519 383 560 430 vi
588 383 771 444 quidem
798 397 850 430 ac
874 384 1104 430 sententia
1128 382 1262 442 hujus
1287 382 1539 429 annotatio·

86 460 175 513 nis,
191 460 312 521 quod
334 466 509 521 spectat
529 461 583 506 ad
604 467 884 521 postremam
905 460 1270 521 propositionem
1291 459 1536 520 Syriacam,

85 536 219 584 nobis
247 551 335 584 non
357 537 586 584 consentit
607 537 950 598 cl.Wrightius‚
975 537 1221 597 siquidem,
1246 541 1462 597 quantum
1485 550 1537 583 ex

86 614 233 674 ipsius
259 613 413 660 verbis
438 614 657 674 colligere
683 614 790 661 licet
814 613 884 674 (1),
915 614 971 660 de
1008 627 1199 674 quanam
1238 614 1436 672 Epistola
1478 613 1539 659 ibi

85 705 236 738 sermo
256 692 316 738 sit
341 691 510 739 dubius
536 698 579 738 et
608 692 783 738 inscius
810 692 966 738 baeret.
991 692 1175 744 Verum,
1204 697 1251 737 ut
1277 690 1320 735 id
1348 690 1541 736 candide

85 768 241 822 fatear,
273 769 411 815 ullam
436 769 570 828 hujus
596 768 897 815 dubitationis
924 768 1146 815 rationem
1173 782 1260 829 ego
1287 781 1376 813 non
1409 781 1539 827 pers—

86 846 208 907 picio
249 861 259 892 :
297 846 448 892 omnia
472 846 643 906 quippe
678 846 865 892 lectoris
903 845 1113 906 praedicti
1149 845 1286 892 verba
1321 845 1381 890 ita
1415 858 1539 891 com·

86 930 239 984 parata
276 923 381 969 mihi
410 923 638 977 videntur,
668 930 717 970 ut
755 924 798 969 in
835 924 1077 970 Homiliam
1113 922 1320 984 proxime
1355 927 1537 968 antece-

86 999 267 1047 dentem
315 999 553 1060 aptissime
601 1000 823 1060 quadrent
871 1007 917 1046 et
967 1013 1069 1046 eum
1119 1013 1304 1046 sensum
1354 998 1541 1044 fundant

86 1091 221 1137 quem
247 1077 385 1123 latine
413 1077 638 1137 expressi.
671 1074 807 1134 Quod
847 1077 886 1123 si
927 1077 1069 1123 semel
1097 1076 1234 1123 fuerit
1258 1075 1537 1128 admissum,

87 1153 373 1201 inferendum
399 1153 501 1207 erit,
533 1168 587 1200 ex
612 1154 825 1215 anonymi
859 1160 1011 1201 mente
1037 1154 1274 1200 universas
1298 1152 1541 1213 Aphraatis

87 1232 309 1290 Epi-stolas
333 1230 386 1276 ad
412 1231 810 1277 archimandritam
851 1231 1050 1277 directas
1085 1230 1250 1284 fuisse;
1293 1230 1393 1289 ipse
1418 1244 1542 1275 nam-

87 1322 174 1369 que
191 1315 350 1354 auctor
370 1307 710 1353 lucubrationes
731 1322 839 1353 suas
863 1321 1021 1354 omnes
1041 1307 1095 1354 ad
1115 1307 1325 1354 eumdem
1349 1307 1542 1353 amicum

87 1400 112 1432 a
137 1400 187 1432 se
214 1386 378 1432 missas
407 1385 649 1445 perspicue
677 1385 908 1446 significat
933 1384 997 1447 (a).

153 1463 220 1509 Ad
247 1469 425 1509 aetatem
448 1462 762 1509 translationis
789 1462 1073 1509 Armeniaca}
1098 1463 1219 1523 quod
1253 1463 1427 1516 attinet,
1451 1463 1541 1521 J'am

86 1540 367 1587 asseruimus
392 1578 401 1595 ,
462 1554 557 1586 eam
609 1554 697 1586 non
745 1553 853 1586 esse
902 1546 1027 1586 textu
1076 1540 1352 1601 primigenio
1401 1541 1542 1586 multo

42 1648 44 1650 -
88 1618 407 1665 recentiorem.
446 1617 734 1677 Scriptorum
774 1623 921 1663 tamen
958 1618 1040 1664 hac
1077 1618 1132 1664 de
1169 1631 1218 1664 re
1254 1624 1378 1664 certa
1414 1618 1541 1664 testi—

87 1695 237 1741 monia
263 1694 598 1740 desiderantur.
625 1695 736 1739 Nam
763 1708 787 1739 a
813 1694 979 1740 Fausto
1005 1694 1250 1755 Byzantino
1271 1694 1320 1755 (3)
1346 1700 1391 1740 et
1417 1695 1542 1740 Mose

87 1770 368 1817 Cborenensi
389 1770 454 1832 (4),
481 1771 600 1816 sicut
626 1770 669 1815 in
697 1770 741 1816 S.
772 1771 931 1817 Jacobi
957 1771 1165 1817 Nisibeni
1193 1771 1383 1817 historia
1408 1785 1541 1830 quam

89 1848 223 1894 nobis
261 1861 315 1893 ex
349 1847 652 1893 Armenorum
691 1848 931 1906 Menoloqe'o
963 1848 1146 1894 exhibet
1177 1847 1448 1894 Antonellns
1474 1848 1538 1910 (5),

88 1925 143 1972 dc
181 1925 269 1972 vita
305 1924 489 1985 quidem
538 1930 581 1970 et
623 1924 758 1970 rebus
799 1925 945 1985 gestis
980 1926 1131 1986 magui
1165 1925 1288 1971 illius
1325 1925 1541 1986 Episcopi

89 2003 227 2048 multa
252 2008 313 2056 et,
344 2016 427 2062 pro
452 2015 576 2048 more
602 2007 737 2062 atquc
765 2001 917 2048 indole
943 2001 1114 2063 gentis,
1145 2001 1256 2047 mira
1283 2008 1537 2056 narrantur;

88 2078 144 2125 de
169 2078 358 2138 scriptis
386 2091 491 2124 vero
520 2091 714 2137 quorum
741 2077 876 2124 suerit
912 2085 1069 2125 auctor
1105 2092 1160 2124 ne
1193 2078 1331 2124 ullum
1357 2079 1541 2139 quidem

88 2157 276 2204 verbum
320 2156 536 2203 occurrit.
579 2156 949 2203 Vetustissimum
986 2157 1107 2217 quod
1144 2157 1263 2217 apud
1299 2157 1541 2204 Armenios

131 2314 177 2353 (1)
201 2325 220 2343 «
242 2314 251 2345 l
270 2312 316 2346 do
335 2318 397 2346 not
415 2311 488 2346 find
509 2313 580 2346 this
599 2313 730 2356 epistle
760 2313 969 2348 mentioned
986 2314 1179 2358 anywhere
1197 2314 1271 2348 else
1304 2326 1324 2344 »
1343 2315 1391 2348 lta
1411 2313 1486 2354 illc,
1506 2314 1541 2347 in

89 2369 211 2403 notula
230 2368 315 2402 huic
333 2367 543 2402 testimonio
562 2369 743 2412 apposita,
764 2378 819 2410 op.
839 2370 913 2409 cit,
936 2369 1072 2413 praesat.
1095 2379 1128 2412 p.
1152 2372 1202 2404 Η.

133 2439 182 2478 (Ξ)
210 2440 274 2481 Ap.
295 2438 436 2481 Wright
459 2464 466 2476 ,
487 2448 520 2480 p.
548 2435 631 2481 pez
662 2453 670 2460 .

131 2504 179 2543 (5)
203 2503 363 2542 S³SSiusv
381 2512 437 2544 0l’-
457 2503 593 2544 SOEViHS
609 2502 686 2543 cit..
713 2512 746 2545 D·
766 2503 830 2543 243
851 2503 1033 2547 magieis,
1053 2503 1241 2538 collection
1268 2504 1330 2537 des
1348 2503 1541 2538 historiens

89 2558 237 2591 enciens
255 2562 286 2591 et
306 2558 491 2591 moder-nes
508 2559 549 2590 de
567 2557 767 2591 L'Armdnie
783 2557 912 2599 (Paris,
932 2559 1045 2599 1867),
1065 2562 1150 2593 tom.
1173 2560 1198 2599 Ι,
1215 2568 1248 2601 p.
1268 2559 1333 2592 218
1350 2567 1451 2601 seqq.

133 2613 180 2652 (Δ)
205 2615 269 2654 Ap.
304 2613 534 2647 Antonellum
569 2612 618 2651 (S.
653 2611 793 2654 Jacobi‚
828 2613 893 2654 Ep.
930 2613 1108 2654 Nisibeni,
1141 2617 1351 2656 sermones),
1385 2613 1540 2656 praefat„

91 2675 150 2708 pp.
169 2668 213 2700 39
229 2672 264 2700 et
283 2668 336 2699 ⁴0.

137 2722 186 2761 (5)
212 2721 277 2762 011.
298 2721 372 2761 cit,
393 2720 529 2763 praesat.
553 2731 585 2763 p.
606 2723 648 2755 53
668 2729 770 2764 seqq.
