1737 2950
775 194 1075 237 ‚196-

213 320 265 365 ad
310 318 546 379 Aphraatis
589 331 752 378 opera,
809 318 1070 364 nominatim
1115 317 1168 364 ad
1210 318 1553 364 Dissertationes
1595 316 1650 364 de

211 397 438 442 monachis
473 403 515 442 et
550 396 604 442 de
639 396 981 449 resurrectione,
1021 394 1266 455 pertinere.
1306 408 1394 442 non
1430 394 1646 442 continuo

211 474 434 535 pervincit
464 473 611 519 editor
650 473 896 519 Romanus.
928 473 1125 528 Quanam
1161 472 1280 518 enim
1315 478 1427 525 arte,
1467 486 1642 534 quaeso,

209 551 307 597 viro
332 550 467 596 docto
494 555 538 595 et
563 563 683 595 sante
719 549 903 595 critices
942 548 1105 594 amanti
1142 548 1416 609 persuadere
1451 549 1642 610 poteris,

209 627 318 673 tanti
346 626 563 687 ponderis
589 639 691 672 esse
720 625 840 671 istud
868 625 1011 686 ignoti
1039 625 1278 685 scriptoris
1316 624 1643 681 testimonium,

208 711 257 751 ut
293 704 390 764 ejus
427 718 560 750 causa
602 703 751 749 statim
795 703 1050 762 spernenda
1092 703 1183 749 sint
1224 708 1358 763 atque
1396 702 1646 762 abjicienda

207 787 472 843 argumenta
497 780 679 827 omnino
703 780 973 838 decretoria,
997 794 1097 841 quae
1118 794 1171 826 ex
1198 780 1318 827 notis
1343 779 1647 842 genuinisque
1700 774 1701 778 ’

208 858 409 904 fontibus
450 857 846 917 deprompsimus?
890 856 1018 913 Quod
1062 857 1100 903 si
1143 871 1244 903 cum
1288 856 1646 904 Lovaniensibus

207 936 436 997 theologis
463 936 510 997 (ι)
549 950 740 996 quorum
778 935 978 982 meminit
1016 934 1302 989 Antonellus‚
1337 934 1480 990 dicas,
1509 935 1645 981 alium

208 1028 297 1060 non
324 1027 427 1060 esse
453 1013 585 1072 hujus
612 1013 730 1059 effati
757 1019 986 1059 auctorem
1023 1026 1047 1058 a
1084 1012 1333 1066 Gennadio‚
1364 1026 1453 1077 non
1485 1010 1645 1058 diffite-

208 1090 290 1137 bor
315 1104 417 1151 ego.
462 1089 578 1146 Quid
615 1103 737 1145 vero,
767 1090 807 1134 in
849 1090 928 1135 hac
967 1090 1208 1143 sententia,
1247 1089 1300 1135 ad
1338 1089 1646 1136 difficultatem

207 1173 478 1228 praesentem
507 1167 816 1227 reponendum
843 1167 918 1220 sit,
949 1181 1001 1213 ex
1041 1167 1097 1213 iis
1134 1180 1233 1227 quae
1268 1181 1404 1228 supra
1439 1167 1495 1213 de
1529 1166 1643 1213 Gen-

212 1245 344 1291 nadio
371 1244 673 1291 disseruimus
695 1244 879 1305 collige.

587 1422 636 1466 B.
681 1436 730 1466 DE
767 1435 1021 1467 ARGUMENTIS
1059 1435 1264 1468 Munius.

276 1556 417 1601 Venio
444 1569 563 1602 nunc
588 1556 640 1601 ad
668 1562 947 1617 argumenta,
978 1562 1025 1602 ut
1056 1561 1289 1610 vocantur,
1318 1557 1516 1610 interna,
1545 1569 1645 1616 quae

208 1631 259 1677 ad
288 1631 496 1677 tuendam
531 1632 813 1691 desperatam
849 1633 1005 1678 Jacobi
1043 1632 1248 1678 Nisibeni
1276 1645 1454 1678 causam
1477 1645 1642 1693 propo-

209 1709 300 1755 suit
341 1708 608 1755 Antonellus
649 1709 712 1767 (a).
769 1710 986 1765 Quoniam
1035 1716 1182 1755 autem
1231 1723 1384 1754 eorum
1432 1709 1645 1770 pleraque

207 1785 384 1844 plenam
411 1799 463 1831 ex
499 1785 863 1845 praecedentibus
902 1785 1174 1831 solutionem
1211 1785 1455 1845 accipiunt,
1497 1785 1646 1831 omnia
1682 1835 1683 1838 Ἴ

209 1876 339 1922 quam
378 1862 644 1908 brevissime
682 1863 753 1908 hic
790 1863 1021 1923 attingam.
1056 1863 1108 1907 Et
1145 1862 1327 1922 quidem
1361 1868 1641 1923 argumenta,

208 1945 341 1997 prout
367 1939 419 1984 ab
446 1939 546 1998 ipso
573 1953 655 1985 suo
681 1946 863 1985 auctore
903 1940 956 1984 ad
981 1952 1073 1990 sex
1111 1939 1257 1998 capita
1294 1938 1472 1984 redacta
1499 1938 1639 1993 fuere,

208 2015 335 2074 prius
362 2016 628 2069 recensebo,
659 2030 813 2062 eorum
839 2016 945 2062 vitia
972 2016 1163 2062 subinde
1190 2015 1483 2062 indicaturus.

276 2092 318 2138 1.
353 2093 543 2139 Primam
574 2108 666 2140 suae
693 2094 931 2140 sententiae
958 2094 1175 2140 rationem
1203 2093 1422 2139 internam
1448 2092 1644 2139 desumit
1673 2138 1676 2143 ,

207 2167 476 2217 Antonellus
508 2183 561 2216 ex
595 2190 617 2211 «
644 2177 747 2216 nota
780 2171 1000 2230 temporis
1040 2184 1129 2230 quo
1164 2175 1320 2216 auctor
1352 2170 1510 2216 horum
1542 2170 1641 2216 Ser-

207 2259 386 2292 monum
394 2284 491 2292 .....
533 2247 759 2293 scribebat
785 2246 849 2309 (3).
890 2267 911 2288 »
951 2248 1013 2292 Ex
1049 2248 1242 2293 Homilia
1273 2246 1391 2293 enim
1429 2247 1482 2293 de
1517 2247 1643 2293 bellis

207 2323 440 2384 colligitur
476 2324 745 2384 scriptorem
790 2338 828 2369 a.
875 2322 1086 2369 336-337
1120 2323 1215 2369 suis
1247 2324 1643 2370 Dissertationibus

210 2400 538 2460 componendis
564 2415 747 2460 operam
773 2415 976 2448 navasse.

245 2565 291 2603 (1)
317 2563 354 2595 tn
373 2562 530 2596 editione
551 2563 708 2603 operum
725 2565 761 2598 S.
781 2564 984 2609 Augustini,
1004 2569 1090 2599 tom.
1112 2565 1173 2604 ΙΙΙ,
1192 2565 1251 2599 ubi
1278 2573 1341 2600 eos
1365 2565 1553 2600 confutant
1578 2563 1640 2608 qui

200 2615 336 2659 librum
357 2616 407 2649 De
424 2616 668 2651 ecclesiasticis
685 2619 912 2661 dogmatibus
928 2619 1128 2663 Augustino
1147 2619 1357 2654 tribuerant.

247 2671 294 2709 (Ξ)
319 2671 354 2703 S.
374 2670 511 2713 Jacobi,
534 2671 600 2713 Ep.
617 2671 750 2712 Nisib..
766 2681 959 2714 sermones,
977 2672 1114 2716 praefat.
1134 2683 1192 2716 pp.
1211 2675 1323 2707 10-16.

253 2727 300 2766 (5)
328 2726 433 2767 thid,
453 2737 484 2769 ρ.
507 2727 558 2762 ¹0.
