1737 2950
145 258 262 304 enim
289 257 509 303 adventus
538 257 714 302 Domini
750 256 893 302 nostri
922 256 963 300 in
991 270 1144 307 carne,
1174 256 1280 302 dum
1307 255 1587 302 Bethlehemi

147 342 274 380 natus
314 341 399 388 est,
435 334 478 378 in
517 333 678 379 diebus
711 332 905 394 Augusti
947 332 1042 385 suit,
1077 346 1194 379 3330
1233 331 1387 378 mundi
1430 330 1585 386 5500;

144 425 307 471 passus
345 417 414 457 est
450 416 598 456 autem
641 423 757 455 anno
796 407 857 454 33
892 415 998 469 post
1040 408 1316 454 nativitatem
1352 423 1496 455 suam.
1533 407 1590 454 At

146 502 335 535 necesse
374 495 443 534 est
489 501 568 533 sex
609 500 828 532 annorum
873 486 1011 531 millia
1055 486 1310 546 adimpleri,
1352 491 1400 531 ut
1441 485 1590 531 veniat

147 566 438 626 tranquillum
482 564 591 610 illud
636 564 888 616 sabbatum,
931 578 1020 623 quo
1065 563 1324 623 requiescet
1368 564 1488 608 Deus
1535 563 1589 608 ab

145 642 356 689 omnibus
383 641 600 701 operibus
627 655 727 701 quae
768 640 1049 699 perficienda
1086 645 1368 699 susceperat.
1406 658 1427 679 >³
1456 667 1516 672 —
1540 640 1592 684 Et

145 719 279 780 paulo
313 722 418 778 post
450 717 604 763 subdit
641 734 648 761 :
688 736 710 758 κ
742 717 867 776 Opus
895 723 965 762 est
992 716 1130 776 igitur
1158 723 1204 762 ut
1238 716 1342 761 inde
1382 730 1404 760 a
1431 715 1588 761 nativi-

147 803 232 841 iate
260 794 425 841 Christi
457 809 745 840 numeremus
772 800 815 839 et
851 807 1170 853 percurramus
1196 791 1289 838 500
1318 792 1421 838 11105
1447 806 1590 838 33305

146 873 222 934 qui
257 873 575 919 desiderantur
607 872 662 917 ad
697 871 1066 931 adimpletionem
1099 869 1226 916 6000
1267 884 1504 924 annorum,
1548 877 1592 917 et

146 957 251 997 tunc
277 950 420 997 aderit
449 950 569 995 finis.
602 968 623 990 »
654 952 758 995 Haec
797 949 964 1009 itaque,
995 963 1095 1008 quae
1129 953 1235 994 sunt
1278 948 1422 1008 magis
1461 962 1591 1008 pers-

147 1029 296 1089 picua,
321 1028 434 1073 dixit
459 1032 645 1073 sanctus
667 1027 960 1087 Hippolytus,
987 1026 1145 1072 volens
1166 1032 1210 1072 et
1230 1026 1330 1086 ipse
1349 1025 1592 1072 ostendere

147 1106 360 1151 mundum
388 1105 505 1150 hunc
529 1104 645 1149 ultra
670 1117 747 1148 sex
775 1117 991 1149 annorum
1022 1102 1160 1148 millia
1185 1117 1273 1148 non
1301 1103 1587 1148 exstiturum.

147 1184 256 1239 Quae
281 1183 431 1243 qualia
456 1182 548 1227 sint
568 1181 712 1227 vides.
734 1181 1048 1227 Verumtamen
1076 1181 1362 1226 advertamus
1390 1188 1589 1240 oportet,

148 1261 381 1314 mundum,
412 1273 529 1305 anno
559 1260 643 1304 hoc
671 1257 797 1303 ’1025
825 1258 1103 1312 Graecorum,
1134 1264 1239 1317 post
1270 1258 1510 1304 terminum
1537 1259 1592 1304 ab

148 1338 224 1382 1110
268 1336 536 1397 praedictum
561 1335 654 1393 jam
690 1333 784 1379 215
819 1335 949 1379 annis
986 1334 1226 1380 mansisse.
1257 1334 1303 1379 Si
1336 1334 1455 1379 enim
1489 1340 1594 1394 post

148 1412 242 1459 500
268 1413 322 1459 31)
348 1413 542 1458 adventu
579 1411 758 1457 Δ1105513)
795 1425 955 1463 annos,
987 1411 1092 1456 finis
1130 1409 1256 1456 6000
1292 1424 1512 1456 annorum
1548 1418 1592 1457 et

149 1490 299 1536 mundi
328 1490 505 1535 futurus
526 1494 637 1541 erat,
664 1494 710 1533 ut
738 1488 835 1548 ipse
865 1488 1139 1547 Hippolytus
1161 1487 1291 1540 dixit,
1316 1502 1339 1532 a
1362 1488 1592 1534 nativitate

146 1574 292 1613 autem
333 1565 501 1612 Christi
542 1578 685 1623 usque
723 1565 775 1610 ad
812 1578 975 1610 annum
1014 1565 1132 1610 hunc
1174 1570 1447 1623 praesentem
1487 1565 1590 1610 3331

147 1644 269 1690 fuere
298 1643 391 1688 715
418 1642 549 1704 (3330
578 1655 769 1702 namque
796 1640 890 1686 310
919 1641 1258 1688 Seleucidarum
1285 1640 1342 1702 (1),
1362 1640 1591 1686 Christum

147 1728 298 1768 natum
331 1735 434 1768 esse
471 1727 695 1773 tenemus,
730 1725 864 1779 prout
908 1720 951 1765 id
995 1720 1083 1766 alio
1125 1720 1226 1765 loco
1263 1719 1591 1765 demonstravi-

149 1806 284 1860 mus);
315 1789 604 1859 consequens
631 1805 717 1851 est,
749 1798 928 1858 quando
955 1798 1009 1843 ab
1035 1798 1165 1843 annis
1194 1797 1286 1841 715
1314 1797 1591 1857 quingentos

147 1879 201 1924 ab
246 1878 491 1938 Hippolyto
523 1876 776 1937 praefinitos
812 1875 1139 1928 subtrahimus,
1181 1888 1426 1934 superesse
1458 1875 1592 1921 nobis

147 1969 288 2001 annos
315 1952 428 2008 215,
460 1953 523 2000 uti
544 1953 634 2012 jam
661 1953 875 1998 diximus.

214 2032 383 2077 Praeter
423 2036 633 2076 auctores
676 2029 797 2080 illos,
843 2028 1120 2074 adducemus
1163 2033 1207 2074 et
1250 2033 1454 2073 sanctum
1499 2028 1592 2073 Mar

144 2108 360 2154 Jacobum
401 2108 640 2153 Doctorem
679 2104 756 2167 (2),
798 2106 874 2165 qui
915 2106 1028 2151 hanc
1073 2104 1276 2150 eamdem
1319 2104 1590 2150 sententiam

149 2274 293 2304 tuentur
310 2274 476 2304 auctores
494 2278 644 2303 nurnero
662 2275 695 2302 et
709 2269 882 2312 gravitate
900 2268 1100 2311 conspicui,
1117 2266 1242 2301 incidit
1255 2266 1291 2300 in
1303 2275 1438 2300 annum
1452 2265 1590 2309 periodi

146 2327 295 2360 Juiianae
314 2329 399 2359 4707
417 2331 452 2360 et
476 2326 742 2359 Seleucidarum
767 2326 849 2363 506;
878 2325 1028 2358 aiterum
1060 2331 1144 2357 vero
1173 2327 1315 2357 constat
1343 2330 1424 2355 esse
1452 2321 1590 2364 periodi

146 2382 296 2415 Juliame
318 2382 412 2419 1714,
431 2387 465 2414 et
482 2389 577 2414 anno
595 2382 799 2414 Graecorum
816 2380 881 2412 512
902 2378 1106 2420 incoepisse.
1131 2378 1219 2411 Hinc
1236 2377 1312 2411 sive
1328 2377 1372 2410 de
1390 2376 1492 2410 initio
1510 2385 1591 2410 aerae

149 2436 388 2478 Dionysianae,
405 2436 480 2468 sive
498 2436 542 2469 de
560 2434 689 2469 Christi
709 2442 804 2468 anno
823 2433 930 2467 natali
951 2433 1171 2476 inteiligatur
1188 2431 1374 2475 Georgius,
1394 2440 1411 2464 a
1429 2439 1515 2465 vero
1535 2431 1591 2465 hic

147 2491 334 2525 aberrasse
361 2491 514 2525 videtur.
547 2508 586 2513 —
619 2492 664 2523 De
692 2495 846 2532 utroque
880 2494 1041 2531 tempore
1069 2487 1225 2521 conferri
1260 2490 1413 2529 possunt
1444 2486 1488 2519 ci.
1525 2485 1589 2519 viri

150 2549 183 2580 B.
204 2549 420 2590 Jungmann,
441 2548 715 2582 Dissertationes
732 2548 866 2579 selectoe
885 2546 921 2578 z'n
941 2546 1129 2578 historiam
1150 2543 1441 2583 ecclesiasticam,
1461 2547 1546 2576 torn.
1564 2544 1591 2582 Ι,

149 2613 181 2645 p.
201 2605 244 2638 95
261 2613 346 2646 seqq

190 2660 241 2699 (Ξ)
267 2659 436 2700 Quisnam
456 2657 673 2692 sit-lacobus
693 2657 750 2690 iiie
769 2657 812 2690 de
840 2664 912 2698 quo
940 2656 995 2689 hic
1025 2663 1144 2689 sermo
1172 2659 1227 2688 est
1254 2654 1339 2687 mihi
1368 2662 1440 2688 non
1468 2653 1591 2695 liquet.

1460 2709 1484 2747 4
