1737 2950
738 181 1031 223 ..236-

172 307 356 354 tirmiter
382 321 644 367 persuasum
671 307 810 354 fuisse
836 307 999 367 dogma
1036 307 1090 352 dc
1127 306 1325 359 Christo,
1355 305 1434 352 Dei
1460 304 1592 360 Filio,

172 385 286 430 Patri
324 385 718 438 consubstantiali;
766 384 975 445 quoniam
1018 390 1180 436 tamen,
1228 390 1274 429 ut
1319 384 1416 444 ipse
1453 388 1592 437 notat,

172 463 251 507 hac
278 463 463 508 veritate
495 462 710 523 seposita,
742 461 883 508 refelli
910 466 1117 521 poterant
1152 461 1313 513 Judaei,
1353 460 1408 507 de
1443 460 1597 507 eadem

173 539 350 585 nonnisi
386 554 468 600 per
494 547 778 585 transennam
819 538 1088 584 mentionem
1128 538 1247 584 facit.
1291 537 1406 594 Quid
1444 537 1598 598 plura?

171 616 369 672 Quaestio
396 630 483 662 non
509 621 596 661 tam
623 615 885 661 doctrinalis
923 614 1069 674 ipsum
1108 615 1223 661 inter
1247 620 1292 661 et
1315 613 1598 661 adversarios

171 691 438 752 agitabatur,
468 706 598 752 quam
625 691 817 737 verbalis
843 697 886 737 et
912 691 1244 737 caerimonialis.
1275 690 1417 737 Aliter
1446 691 1600 751 utique

171 774 326 814 contra
386 768 576 815 Arianos
633 768 861 814 similesve
920 768 1158 814 haereticos
1215 767 1599 814 ratiocinationem

173 845 408 891 instituere
436 845 685 897 debuisset,
716 844 795 890 sed
822 844 877 890 de
902 844 1074 891 Judaeis
1112 844 1224 891 solis
1261 857 1363 890 sese
1399 844 1600 905 cogitare

173 922 331 967 iterum
378 922 561 974 indicat,
607 921 711 966 dum
755 921 1105 980 disputationem
1148 934 1272 967 suam
1320 919 1404 966 his.
1436 920 1603 966 claudit

171 999 320 1045 verbis
347 999 395 1059 (ι)
425 1016 432 1044 ;
465 1019 486 1040 «
513 999 698 1045 Brevem
738 999 855 1044 hunc
896 1000 1153 1044 Tractatum
1180 997 1233 1043 ad
1258 1003 1302 1044 te
1326 997 1598 1057 conscripsi,

171 1077 310 1123 amice
332 1077 407 1128 mi,
433 1083 477 1122 ut
499 1076 774 1136 respondere
799 1076 953 1136 possis
976 1075 1146 1122 Judaeis
1168 1075 1244 1136 qui
1270 1074 1425 1121 dicunt
1447 1075 1601 1121 Jesum

174 1168 260 1199 non
288 1167 390 1200 esse
426 1153 586 1199 Filium
624 1153 718 1206 Dei,
748 1153 879 1198 nobis
910 1157 1065 1199 contra
1101 1151 1306 1199 eumdem
1339 1150 1603 1198 vocantibus

174 1231 310 1276 Deum
339 1236 382 1276 et
407 1230 486 1276 Dei
524 1229 702 1284 Filium,
733 1229 900 1290 Regem
940 1235 983 1276 et
1014 1227 1368 1289 Primogenitum
1405 1227 1602 1274 omnium

173 1312 493 1353 creaturarum.
530 1325 551 1347 »

240 1385 345 1430 Haec
371 1383 625 1430 disserendi
666 1383 904 1430 methodus
939 1383 1221 1443 aliquatenus
1258 1383 1442 1442 insuper
1478 1382 1603 1428 illus-

174 1462 279 1508 trari
317 1467 475 1522 posset
518 1461 724 1521 exemplo
766 1460 934 1507 Christi
974 1460 1168 1514 Domini,
1208 1459 1283 1520 qui
1326 1466 1370 1506 et
1409 1460 1508 1519 ipse
1549 1459 1605 1505 de

175 1539 332 1586 eodem
375 1544 641 1599 argumento
684 1537 902 1584 adversus
943 1537 1272 1584 obtrectatores
1315 1550 1424 1583 suos
1472 1535 1605 1583 modo

175 1631 262 1663 non
307 1614 501 1662 absimili
538 1614 778 1674 disceptat.
827 1613 936 1659 Cum
979 1613 1116 1667 enim,
1163 1617 1277 1659 teste
1319 1612 1605 1674 Evangelista

174 1695 374 1743 Joanne,
428 1691 575 1751 ipsum
625 1690 917 1751 blasphemiae
965 1690 1276 1737 insimularent
1317 1695 1361 1736 et
1407 1689 1606 1750 lapidare

173 1768 500 1817 vellentJudaei
526 1766 570 1829 (2)
603 1781 655 1814 eo
694 1767 814 1828 quod
851 1781 900 1814 se
936 1767 1096 1814 Filium
1132 1768 1213 1814 Dei
1250 1772 1294 1814 et
1327 1768 1467 1814 Deum
1503 1780 1607 1814 esse

174 1846 459 1909 praedicaret‚
504 1850 550 1890 ut
591 1844 832 1891 furentium
877 1844 1072 1904 placaret
1114 1844 1314 1899 animos,
1361 1857 1414 1890 ex
1455 1843 1607 1891 verbis

175 1939 243 1985 ps.
275 1922 430 1975 LXXI,
457 1920 501 1973 6,
532 1920 696 1981 quibus
722 1920 800 1967 Dei
828 1935 990 1967 nomen
1029 1920 1082 1967 ad
1102 1920 1281 1980 judices
1317 1919 1603 1975 transfertur,

174 1999 374 2047 ostendit
398 2012 531 2059 quam
560 1997 785 2044 immerito
810 1997 916 2051 sibi,
946 1997 1074 2058 quasi
1101 1996 1269 2042 infandi
1295 1996 1483 2043 sceleris
1509 2010 1604 2051 reo,

176 2078 238 2123 illi
282 2078 599 2122 irascerentur.
646 2077 812 2128 Nonne,
861 2074 1022 2135 inquit,
1067 2077 1285 2133 scriptum
1325 2081 1391 2120 est
1429 2075 1477 2119 in
1516 2075 1609 2132 leqe

177 2162 322 2200 vestra
352 2170 362 2198 .·
391 2153 506 2206 Quia
529 2165 603 2209 eqo
627 2151 727 2196 dixi
757 2167 765 2195 ι
799 2152 870 2196 Dii
894 2150 1031 2196 estis?
1066 2151 1112 2196 Sz·
1137 2152 1237 2196 illos
1260 2151 1379 2197 dixit
1403 2151 1520 2204 deoc,
1549 2151 1609 2196 ad

174 2244 279 2290 quos
303 2243 445 2275 sermo
470 2229 546 2273 Dei
569 2231 718 2284 tactus
753 2235 833 2281 est,
863 2235 905 2273 et
929 2241 1017 2273 non
1040 2234 1182 2286 potest
1206 2228 1319 2273 solvi
1342 2228 1605 2286 Scriptura,-

173 2321 302 2367 quem
328 2307 463 2351 Pater
484 2304 785 2361 sanctificavit
813 2311 857 2350 et
879 2306 1002 2350 misit
1038 2305 1085 2350 in
1121 2304 1357 2357 mundum,
1396 2317 1470 2350 vos
1496 2304 1607 2350 dioi-

177 2386 234 2430 tz‘s
263 2401 274 2428 .·
305 2383 418 2438 Quia
453 2381 747 2439 blasphemas,
784 2382 893 2439 quia
924 2380 1023 2426 dixi
1063 2398 1074 2426 :
1116 2378 1258 2426 Filius
1292 2381 1371 2425 Dei
1407 2393 1508 2425 sum
1538 2377 1602 2442 (a).

178 2457 560 2516 Quemadmodum
603 2470 713 2517 ergo
755 2456 981 2510 Christus,
1023 2456 1148 2503 hisce
1192 2456 1235 2501 in
1277 2455 1500 2516 adjunctis
1534 2454 1609 2501 ad-

222 2623 269 2662 (1)
295 2621 468 2663 Wright.,
490 2629 522 2663 p.
553 2618 653 2671 ῥα*
682 2638 689 2645 .

222 2676 268 2715 (2)
294 2677 393 2708 Joan.
414 2676 455 2712 x,
474 2676 510 2707 5¹
534 2683 632 2717 seqq.

223 2732 268 2769 (5)
297 2729 399 2769 ibid,
419 2738 473 2763 vv.
496 2730 609 2763 3436.
