1737 2950
691 169 990 213 ,253-

116 294 257 341 Porro
288 307 342 341 cx
378 294 449 340 his
486 308 726 355 perperam
765 294 958 341 inferres
996 306 1085 340 non
1123 293 1254 340 aliam
1292 307 1415 347 esse,
1440 293 1566 353 juxta

113 371 404 431 Aphraatem‚
433 371 647 418 unionem
675 372 793 418 inter
818 371 972 418 ambas
999 370 1170 417 Christi
1204 378 1386 418 naturas
1421 371 1564 417 inter-

115 448 350 495 cedentem
378 464 400 494 a
426 449 752 508 conjunctione
783 463 870 510 qua
903 449 1113 495 Christus
1142 449 1241 509 ipse
1261 448 1400 508 justis
1429 449 1566 502 inest,

115 539 166 572 ac
191 533 528 587 consequenter
567 527 686 572 illam
726 527 942 573 moralem
971 532 1163 578 tantum,
1206 540 1295 572 non
1333 526 1568 586 physicam

115 617 236 650 esse.
268 603 504 663 Ejusmodi
541 604 886 650 conclusionem
913 618 967 651 ex
994 605 1340 651 inhabitationis
1366 611 1411 650 et
1435 605 1568 649 inha-

113 682 290 728 bitandi
336 682 573 728 vocabulis
621 697 710 728 non
761 682 1023 729 necessario
1073 683 1204 743 sequi
1255 682 1405 736 testis,
1454 683 1571 728 inter

118 760 303 813 multos,
334 760 468 807 nobis
494 766 563 807 est
592 760 637 806 S.
672 760 868 821 Cyrillus
895 760 1262 814 AIexandrimus,
1292 760 1387 820 qui,
1419 774 1570 820 quam-

121 837 190 884 vis
226 838 362 884 verba
395 838 641 898 praedicta‚
681 845 892 899 tanquam
928 839 1077 884 minus
1111 844 1213 898 apta
1254 844 1299 883 et
1342 851 1571 897 perversae

123 915 444 975 explicationis
492 915 700 975 capacia,
754 921 964 976 respuat,
1017 915 1153 961 simul
1206 922 1354 961 tamen
1405 914 1574 960 indicat

120 991 281 1038 iisdem
308 992 503 1038 subesse
529 1007 670 1052 posse
697 992 949 1039 doctrinam
981 992 1279 1038 orthodoxam
1308 992 1358 1051 (ιι)
1389 1008 1397 1036 ;
1429 1011 1451 1032 «
1484 991 1571 1038 Sed

120 1082 265 1129 neque
303 1070 383 1116 Dei
411 1070 625 1122 Verbum,
657 1070 735 1122 ait,
774 1069 816 1114 in
856 1069 1006 1115 Sacrae
1032 1069 1234 1129 Virginis
1273 1069 1404 1122 Filio,
1436 1069 1572 1115 veluti

121 1147 165 1192 in
203 1148 433 1194 communi
476 1148 671 1208 quodam
716 1149 897 1194 homine
941 1148 1220 1193 inhabitasse
1258 1147 1472 1195 dicimus,
1520 1161 1574 1193 ne

121 1224 329 1272 Christus
357 1225 510 1272 Deifer
547 1226 682 1272 homo
718 1239 821 1272 esse
860 1225 1159 1285 intelligatur.
1194 1226 1304 1270 Nam
1334 1225 1440 1271 licet
1465 1226 1572 1271 Ver-

122 1302 225 1348 bum
266 1303 309 1348 in
347 1303 480 1348 nobis
518 1303 746 1355 habitarit,
777 1317 1049 1362 omnemque
1086 1302 1338 1348 divinitatis
1375 1302 1573 1362 plenitu-

120 1378 272 1424 dinem
299 1380 600 1440 corporaliter
639 1381 682 1424 in
721 1379 906 1426 Christo
945 1379 1197 1425 inhabitare
1224 1379 1390 1425 litteris
1418 1379 1572 1439 prodi-

121 1461 214 1501 tum
243 1456 327 1510 sit;
370 1463 563 1502 attamen
601 1471 688 1502 non
728 1457 786 1502 ita
819 1457 861 1501 in
890 1457 967 1502 illo
995 1456 1228 1511 habitavit,
1259 1463 1306 1502 ut
1332 1456 1374 1501 in
1402 1456 1573 1502 sanctis

122 1534 372 1580 inhabitare
414 1534 597 1580 dicitur.
642 1534 870 1580 Habitavit
913 1534 1032 1580 enim
1077 1534 1328 1580 secundum
1369 1540 1572 1579 naturam

123 1611 313 1665 unitum,
368 1626 457 1658 non
507 1612 551 1656 in
598 1626 781 1658 carnem
830 1618 1066 1665 mutatum,
1119 1612 1195 1657 tali
1246 1611 1573 1658 inhabitatione

121 1689 298 1749 qualem
337 1689 426 1735 dici
463 1695 615 1748 potest
655 1690 854 1735 hominis
889 1689 1037 1734 anima
1074 1703 1182 1749 erga
1211 1689 1298 1735 sibi
1336 1689 1573 1749 proprium

122 1782 290 1828 corpus
317 1768 499 1822 habere,
528 1787 549 1809 >³
592 1783 753 1828 nempe
780 1769 833 1813 ad
862 1783 994 1814 unam
1024 1783 1264 1828 personam
1291 1770 1574 1815 constituen-

123 1846 239 1891 dam.
290 1846 400 1892 Cum
438 1846 605 1906 itaque,
642 1847 797 1905 judice
837 1846 1025 1906 Cyrillo,
1068 1846 1311 1905 Aphraatis
1348 1853 1573 1892 assertum

124 1937 262 1969 sensu
299 1923 525 1969 catholico
564 1923 714 1969 efferri
753 1929 887 1983 queat
914 1930 958 1969 et
984 1923 1199 1983 intelligi,
1231 1923 1339 1969 illud
1367 1925 1426 1969 ita
1452 1925 1573 1969 acci-

124 2000 301 2059 piamus
344 2007 547 2060 oportet;
594 2000 811 2060 dumque,
858 2000 958 2046 loco
1001 2000 1157 2053 citato,
1199 2000 1254 2046 dc
1298 2001 1391 2046 Deo
1434 2008 1477 2046 et
1518 2000 1574 2046 de

125 2076 324 2132 Christo,
351 2078 405 2124 ad
432 2078 612 2124 diversa
632 2078 804 2132 relatis,
828 2091 957 2138 aeque
976 2078 1280 2138 praedicantur
1306 2080 1574 2124 inhabitatio

125 2160 170 2200 et
195 2157 317 2206 unio,
348 2154 414 2201 hae
441 2169 591 2212 voces,
620 2155 831 2215 quoniam
859 2169 940 2214 per
977 2169 1026 2201 se
1064 2163 1169 2202 sunt
1195 2155 1460 2216 aequivocae,
1491 2170 1573 2216 pro

126 2233 324 2278 niateriae
373 2233 590 2292 subJectae
638 2240 682 2279 et
730 2232 950 2279 doctrinae
1001 2233 1107 2278 alibi
1155 2233 1275 2279 clare
1323 2235 1574 2294 propositae

125 2310 341 2356 varietate
377 2311 498 2356 varie
536 2310 846 2371 intelligendae
884 2317 1016 2356 erunt
1046 2327 1054 2355 :
1090 2324 1225 2357 secus
1261 2311 1381 2357 enim
1418 2317 1576 2357 auctor

128 2401 282 2435 secum
309 2389 408 2449 ipse
433 2389 810 2443 committeretur,
841 2389 963 2449 quod
996 2389 1181 2435 omnino
1213 2388 1444 2435 vitandum
1471 2403 1574 2435 esse

128 2472 324 2512 constat.
367 2466 667 2523 Quamobrem
707 2466 809 2525 jure
848 2473 1006 2513 nostro
1044 2466 1361 2513 concludimus
1406 2467 1448 2512 in
1494 2468 1573 2512 Sa-

129 2543 298 2603 pientis
324 2544 477 2590 Persae
513 2544 700 2604 scriptis
737 2544 924 2604 ubique,
954 2544 1073 2590 sicut
1100 2550 1358 2590 naturarum
1384 2544 1573 2590 distinc-

174 2691 220 2729 (l)
246 2690 307 2731 Αρ.
331 2687 525 2728 Labbeum,
545 2687 783 2723 Concitiorum
801 2689 954 2722 collectio
973 2688 1159 2727 ›naximffi
1181 2695 1280 2721 conc.
1305 2687 1433 2729 Ephes.
1454 2696 1527 2729 par.
1547 2688 1572 2726 l,

132 2752 208 2788 cap.
230 2745 340 2784 ΧΧῊ,
362 2754 397 2777 n.
418 2746 448 2777 4.
