1737 2950
690 235 738 240 „-
804 211 878 252 1:39
937 236 983 240 —

111 332 299 392 ejusque
337 333 610 386 meminerit,
644 333 718 379 illa
744 333 930 387 mentio,
961 335 1064 394 quia
1090 335 1143 380 ad
1171 343 1383 395 posteros
1411 343 1556 382 trans-

113 408 250 454 missa
294 422 380 454 non
425 414 512 461 est,
553 409 721 455 nullius
765 409 848 454 fuit
883 409 1116 464 utilitatis;
1164 417 1209 457 et
1250 412 1335 457 hoc
1372 412 1556 473 quidem

109 484 224 530 adeo
265 497 419 530 verum
462 490 547 541 est,
587 491 633 530 ut
667 485 849 545 plurimi
884 485 937 531 ad
976 491 1130 532 nostra
1165 501 1311 547 usque
1353 494 1556 548 tempora

111 562 243 609 etiam
287 562 550 622 ignorarent
591 563 819 623 Sapientis
862 565 1015 610 Persae
1048 578 1186 624 opera
1219 565 1405 625 Syriaco
1440 566 1556 613 idio-

112 644 227 685 mate
251 638 463 698 primitus
488 645 668 685 exarata
693 653 813 686 esse.

178 715 307 770 Quod
356 720 503 760 autem
553 715 608 761 de
657 715 856 777 Geor-gio
907 717 1111 777 gentium
1160 718 1462 772 affirmamus,
1515 721 1555 766 ei

110 790 349 851 Aphraatis
397 791 568 852 scripta
618 799 786 852 praesto
835 793 1003 846 fuisse,
1056 794 1204 854 qualia
1252 809 1305 841 ex
1355 797 1557 843 auctoris

111 867 316 914 manibus
345 868 622 928 prodierant,
667 869 710 914 id
745 884 797 915 cx
833 875 1001 916 nostrae
1038 872 1377 918 Dissertationis
1414 873 1555 920 intro·

111 944 324 991 ductione
350 952 392 991 ct
424 953 549 1005 parte
586 946 727 1006 priori
764 947 1006 1007 perspicue
1040 948 1296 1009 colligitur;
1336 964 1475 1009 quare
1511 950 1553 995 in

113 1021 185 1066 illa
227 1022 483 1068 assertione
527 1023 758 1082 probanda
798 1030 873 1068 aut
917 1024 1164 1070 evolvenda
1205 1039 1288 1071 nec
1326 1027 1557 1085 paulisper

111 1096 465 1144 immorabimur.

173 1177 270 1221 Jam
297 1177 429 1222 etiam
457 1178 729 1232 notavimus,
756 1179 800 1222 in
822 1178 932 1224 Eliae
952 1179 1171 1225 Barsinaei
1193 1180 1557 1239 Chronoqraplzz'a

110 1259 243 1312 caput
269 1253 478 1313 reperiri,
507 1254 577 1300 cui
602 1254 761 1300 titulus
792 1271 798 1299 :
833 1274 854 1295 «
884 1257 1006 1300 Anni
1031 1255 1187 1300 domus
1211 1257 1393 1310 Atlanti,
1414 1258 1558 1314 Juaeta
1583 1289 1589 1294 -

108 1331 377 1375 sententiam
418 1331 645 1388 Sapientis
685 1333 849 1376 Persae.
882 1350 903 1371 »
944 1331 1031 1376 Sed
1076 1332 1131 1377 de
1175 1332 1323 1378 tabula
1359 1333 1554 1379 chrono-

110 1406 256 1466 logica
281 1421 380 1466 quae
406 1406 474 1452 sic
502 1407 767 1453 inscribitur
792 1407 987 1453 dubitari
1017 1414 1168 1467 potest
1195 1414 1343 1454 utrum
1373 1423 1424 1454 ex
1459 1409 1556 1469 ipsa

109 1480 348 1540 Apliraatis
375 1482 707 1536 lucubratione,
739 1498 791 1528 an
829 1498 879 1529 cx
917 1484 1065 1544 aliqua
1103 1484 1233 1543 hujus
1260 1485 1557 1530 translatione

109 1557 346 1617 desumpta
375 1558 523 1604 suerit.

174 1634 336 1680 Verum
380 1636 608 1681 enimvero
649 1636 719 1681 hic
756 1650 849 1695 prae
888 1638 1066 1683 caeteris
1102 1638 1350 1684 attentione
1388 1638 1557 1698 dignus

110 1718 180 1757 est
205 1712 251 1757 S.
277 1713 458 1758 Isaacus
484 1713 690 1772 Magnus,
714 1714 808 1773 qui,
834 1721 1048 1774 quantum
1076 1729 1128 1760 ex
1156 1716 1338 1761 indiciis
1367 1716 1557 1762 internis

109 1802 267 1834 eruere
310 1790 528 1841 valemus,
576 1791 897 1850 primigenium
947 1793 1246 1837 Homz'lz'arztm
1295 1798 1463 1838 textum
1514 1799 1559 1838 et

109 1864 239 1919 vidit,
281 1872 323 1911 ct
359 1867 603 1912 scribendo
644 1869 701 1913 ita
743 1868 941 1914 imitatus
980 1875 1066 1921 est,
1104 1876 1150 1914 ut
1183 1869 1424 1930 aliquando
1459 1871 1558 1930 ipsa

109 1957 259 1989 earum
304 1944 438 1989 verba
471 1945 751 2004 expresserit
789 1947 854 2005 (i).
897 1945 942 1990 ld
987 1947 1241 2005 praesertim
1275 1953 1463 2007 apparet
1504 1962 1558 1994 ex

107 2021 314 2066 Sermone
353 2021 408 2065 de
447 2029 602 2066 sancto
634 2020 812 2082 jejunio
852 2023 1244 2082 quadragesimali
1276 2021 1341 2085 (a),
1382 2023 1422 2068 in
1467 2039 1557 2084 quo

108 2099 348 2158 presbyter
389 2098 700 2146 Antiochenus
744 2102 986 2158 Epistolam
1030 2101 1259 2161 Sapientis
1305 2103 1455 2148 Persae
1499 2102 1556 2149 de

108 2175 262 2221 eadem
291 2176 474 2222 materia
499 2183 706 2236 agentem
735 2191 895 2236 presse
921 2178 1146 2237 sequitur,
1171 2178 1339 2224 additis
1362 2185 1551 2233 tantum,

110 2266 232 2297 more
275 2258 527 2311 poetarum,
568 2253 677 2297 varii
715 2254 899 2313 generis
943 2255 1240 2300 ornamentis.
1273 2255 1557 2314 Quicumque

110 2341 201 2373 rem
232 2329 342 2373 banc
368 2329 502 2387 plene
542 2335 827 2388 perspectam
867 2329 1029 2376 babere
1068 2330 1278 2385 voluerit,
1311 2331 1373 2376 illi
1401 2337 1558 2377 auctor

110 2419 208 2450 sum
236 2411 282 2450 ut
306 2406 436 2452 ambo
463 2407 633 2466 scripta
663 2408 868 2468 perlegat
896 2424 903 2452 :
937 2413 1056 2453 tanta
1088 2416 1160 2454 est
1188 2408 1284 2454 sive
1310 2409 1556 2455 sententia-

111 2495 225 2535 rum,
249 2483 344 2529 sive
371 2485 645 2530 elocutionis
673 2485 943 2539 similitudo,
969 2492 1016 2531 ut
1043 2486 1110 2531 vel
1138 2500 1190 2532 ex
1219 2486 1335 2532 nuda
1362 2486 1557 2532 lectione

151 2633 198 2671 (1)
223 2630 292 2665 Csr.
313 2631 349 2664 S.
371 2631 485 2664 Isnaci
507 2632 736 2674 Antiocheni,
753 2634 905 2667 doctoris
922 2634 1108 2675 Syrorum,
1128 2644 1233 2674 ‹mm-a
1260 2636 1396 2674 omnia,
1422 2640 1509 2679 part,
1529 2638 1554 2670 Ι.

110 2686 233 2724 Gissae.
256 2687 350 2719 ¹873.

152 2742 200 2780 (Ὦ)
225 2740 328 2780 inid..
349 2750 382 2782 p.
403 2741 468 2773 250
486 2748 586 2782 seqq.
