1737 2950
733 211 1003 254 -93...

146 343 361 399 possent,
413 337 644 397 plerisque
692 336 904 382 consulto
952 335 1167 389 omissis,
1222 335 1402 382 nonnisi
1455 351 1591 384 unum

145 415 390 461 alterumve
428 413 583 473 majori
622 413 870 459 attentione
906 411 1095 473 dignum
1133 412 1353 472 deinceps
1395 413 1590 459 subnec-

146 498 309 538 temus.
343 490 612 550 Hujusmodi
649 495 795 535 autem
834 502 937 535 esse
968 495 1180 548 putamus
1208 489 1432 549 integrum
1460 488 1482 548 ξ
1509 490 1589 545 15,

148 582 236 614 non
263 581 317 614 eo
344 572 515 613 tantum
553 566 671 626 quod
709 566 765 612 de
801 565 1048 611 animarum
1075 565 1338 624 pastoribus
1364 572 1409 612 et
1434 566 1593 613 docto-

147 645 274 691 ribus
316 644 621 690 disertissime
664 649 796 705 agat,
845 657 1000 690 verum
1038 643 1171 689 etiam
1214 644 1320 704 quia
1363 644 1594 690 nonnullis

147 722 258 768 viris
283 721 433 768 doctis
459 726 774 782 argumentum
806 720 1006 767 omnium
1031 720 1362 767 validissimum
1391 721 1525 767 simul
1552 725 1596 767 et

148 797 543 859 expeditissimum
575 811 659 858 pro
690 796 939 857 episcopali
967 797 1210 856 scriptoris
1236 797 1457 858 dignitate
1485 811 1593 844 con-

148 875 294 922 tinere
318 875 445 922 visus
470 880 556 921 est.

216 954 461 1014 Postquam
488 953 628 1013 igitur
653 952 724 999 hic
744 952 835 1012 jam
861 953 1030 1013 saepius
1058 953 1100 998 in
1127 952 1238 999 cleri
1259 953 1364 999 vitia
1390 953 1597 999 invectus

150 1037 236 1085 est,
289 1030 342 1076 ad
393 1030 594 1077 eamdem
644 1030 825 1076 dicendi
876 1030 1105 1076 materiam
1156 1030 1284 1076 initio
1328 1030 1597 1091 paragraphi

150 1110 357 1171 praedicti
384 1110 568 1157 rediens
599 1127 607 1156 :

219 1187 491 1234 «Praeterea
533 1188 654 1247 quod
693 1187 869 1241 attinet,
923 1187 1086 1248 inquit,
1133 1187 1186 1233 ad
1232 1202 1282 1234 ea
1324 1202 1425 1249 quae
1468 1188 1599 1235 vobis

152 1265 441 1326 scripsimus,
485 1265 648 1322 nostis,
698 1265 948 1319 carissimi,
995 1279 1075 1311 eos
1119 1266 1195 1326 qui
1238 1266 1452 1313 doctores
1496 1271 1601 1313 sunt

152 1343 268 1404 legis
295 1348 339 1390 et
363 1348 633 1404 potestatem
672 1349 884 1389 exercent
923 1343 966 1388 in
1006 1343 1176 1403 populo
1205 1349 1382 1398 nostro,
1412 1349 1601 1404 propter

152 1421 381 1467 avaritiam
429 1421 598 1467 invidia
646 1426 780 1481 atque
838 1421 944 1466 odio
994 1420 1247 1475 exarsisse,
1301 1422 1601 1468 conveniente

152 1499 437 1546 correctione
473 1498 676 1545 moribus
714 1498 886 1545 nostris
917 1515 925 1543 ;
957 1498 1033 1558 qui
1066 1499 1184 1545 enim
1224 1499 1461 1545 manifeste
1498 1513 1601 1560 pec-

153 1576 352 1622 cavimus
379 1575 616 1622 manifeste
642 1574 850 1636 castigati
881 1590 1054 1621 sumus.
1087 1575 1198 1621 Dcin
1226 1576 1374 1635 quoad
1402 1582 1602 1622 sanctam

155 1668 362 1700 manuum
385 1653 740 1714 impositionem,
764 1667 895 1713 quam
915 1653 1096 1713 quidam
1119 1660 1324 1700 nostrum
1350 1654 1597 1714 accipiunt,

154 1730 208 1776 de
251 1730 350 1777 solo
390 1730 698 1791 impositionis
741 1730 858 1776 facto
905 1730 1024 1776 inter
1065 1744 1114 1776 se
1166 1731 1470 1784 contendunt;
1519 1745 1602 1777 nec

154 1807 305 1854 statim
332 1807 574 1868 reperitur,
607 1813 809 1867 ternpore
843 1812 1019 1859 nostro,
1051 1807 1127 1867 qui
1150 1814 1321 1867 quaerat
1360 1808 1482 1867 pium
1521 1808 1602 1854 Dei

155 1885 393 1938 cultorem,
439 1884 520 1930 sed
565 1884 619 1930 de
662 1885 744 1930 hac
786 1898 834 1930 re
877 1884 1063 1930 solliciti
1107 1890 1240 1937 sunt,
1288 1885 1496 1944 quisnam
1544 1885 1603 1930 sit

156 1961 447 2022 impositione
473 1975 681 2007 manuum
708 1961 953 2021 antiquior,
997 1968 1038 2007 et
1077 1966 1317 2021 postquam
1345 1961 1603 2007 didicerunt

154 2039 349 2099 aliquem
375 2037 674 2099 antiquiorem
697 2052 817 2092 csse,
848 2038 1006 2084 dicunt
1031 2038 1071 2084 ei
1103 2055 1110 2083 :
1142 2040 1202 2085 Te
1228 2038 1359 2084 decet
1384 2038 1427 2083 in
1456 2038 1602 2098 primo

156 2116 256 2162 loco
300 2115 584 2162 accumbere.
619 2116 762 2161 Nemo
803 2115 952 2175 itaque
991 2120 1060 2161 est
1097 2115 1173 2175 qui
1212 2115 1466 2162 meminerit
1503 2130 1602 2162 ver-

156 2192 314 2239 borum
359 2192 622 2246 Salvatoris,
669 2191 842 2238 Scribis
886 2197 930 2238 et
974 2192 1217 2238 Pharisaeis
1260 2206 1417 2252 poenas
1460 2192 1603 2238 inten-

156 2270 310 2324 tantis,
341 2284 513 2330 cosque
539 2270 606 2316 sic
632 2269 948 2330 compellantis
969 2267 1017 2331 (1)
1045 2286 1051 2314 :
1083 2272 1154 2315 Voe
1178 2271 1313 2323 vobis,
1335 2271 1414 2329 qui
1438 2271 1604 2314 cmzatis

155 2347 395 2393 cathedras
430 2348 478 2392 in
512 2348 754 2408 synagogis
794 2353 837 2393 et
880 2347 1107 2392 recubitus
1150 2348 1196 2392 in
1241 2348 1394 2400 coenis,
1439 2348 1606 2405 quique

155 2426 361 2483 {laudetis
396 2440 470 2471 vos
506 2427 560 2471 ab
597 2427 852 2471 hominibus
882 2427 1123 2485 maqistros
1147 2427 1284 2471 etiam
1309 2432 1444 2483 atque
1467 2426 1603 2470 etiam

157 2505 336 2549 vocari!
383 2503 582 2558 Fratres,
636 2503 816 2549 nomina
865 2518 947 2550 nec
995 2504 1048 2550 ad
1098 2504 1231 2550 vitam
1281 2503 1468 2558 ducunt,
1522 2517 1605 2550 nec

159 2579 358 2640 eripiunt
391 2595 415 2626 a
454 2585 615 2634 morte,
657 2580 1036 2640 quemadmodum
1071 2595 1159 2627 non
1202 2580 1412 2640 eripuere
1449 2579 1605 2625 Nadab

203 2746 250 2786 (ι)
275 2745 395 2779 mann.
418 2745 535 2786 xxiii,
554 2747 588 2785 6,
608 2747 644 2784 7;
667 2747 747 2779 tue.
768 2746 834 2786 xx,
854 2746 907 2778 ⁴6.
