1737 2950
720 128 993 170 -63-

133 267 414 329 idai-⁶258?
440 268 572 323 1022:
592 270 675 316 σιξ
701 269 815 319 mlo
843 306 852 316 .
873 255 1026 330 give-»52⁹
1047 280 1207 328 σιὲαιρ
1234 269 1384 331 hm&
1412 270 1585 338 thanna}

133 405 144 417 .
164 375 275 418 Aac
296 371 436 429 „sa-&2
457 365 596 422 1ζόΛί
615 372 715 418 Μ
742 370 840 450 &Q
861 379 1055 442 &2320
1074 381 1278 443 <quibo
1301 411 1308 419 .
1329 373 1582 426 Διὶιόαεαο

135 478 157 500 «
184 459 327 519 Hujus
369 461 539 520 (Papae,
583 460 800 521 Episcopi
839 458 1097 519 Seleuciae),
1141 466 1344 520 tempore
1389 462 1586 508 innotuit

133 537 325 598 Sapiens
369 538 525 592 Persa,
573 538 754 584 nomine
798 538 1022 591 Pharhad,
1070 537 1200 597 cujus
1237 544 1416 585 exstant
1456 540 1587 585 Liber

128 616 432 672 paroeneticus
466 615 642 676 syriace
673 621 717 662 et
741 616 951 674 Epistoloe
975 614 1136 676 viginti
1167 615 1281 671 duae,
1303 616 1430 675 juxta
1465 616 1584 662 litte-

133 705 207 738 ras
231 691 458 751 alphabeti
485 691 694 753 digestae.
726 712 747 734 »

198 767 474 815 Auctoribus
516 770 749 830 hucusque
796 769 1006 816 adductis
1055 770 1110 816 de
1160 770 1388 830 Sapientis
1435 770 1586 816 Persae

136 845 316 892 nomine
341 851 385 892 et
410 846 596 906 scriptis
623 846 852 893 consentit
878 845 922 891 in
950 861 1033 893 suo
1068 847 1278 906 Gataloqo
1314 848 1587 904 scriptorum

132 922 347 982 Syrorum
389 922 648 969 Ebed-Jesu
682 923 919 976 Sobensis,
951 923 1125 969 Nisibis
1161 930 1205 969 et
1242 922 1467 969 Armeniae
1501 938 1587 970 sae-

134 1011 236 1058 culo
261 1011 360 1058 XIV
395 1011 579 1058 ineunte
617 1011 905 1072 Metropolita
931 1011 980 1071 (1)
1012 1028 1022 1057 :
1066 1046 1074 1055 .
1111 1002 1239 1065 tait}
1273 1026 1378 1086 ...ἦξε
1413 1008 1585 1069 ..ζωρεἳ

177 1171 225 1212 (1)
251 1169 450 1204 Ebed-Jesu
469 1169 527 1204 hic
544 1169 754 1204 nominatus
775 1174 871 1205 secta
899 1171 1134 1205 Nestorianus
1152 1170 1218 1205 suit
1246 1176 1281 1205 et
1311 1179 1343 1205 a.
1371 1173 1456 1206 1518
1485 1172 1586 1206 obiit.

133 1227 266 1260 Praeter
290 1228 520 1269 catalogum,
550 1225 696 1268 scripsit
730 1226 979 1261 collectionem
1011 1235 1207 1267 canonum,
1241 1228 1485 1270 Maryarz'tam
1525 1236 1588 1261 seu

133 1281 401 1322 Expositionem
420 1281 519 1323 fidei,
538 1281 635 1314 Eden
656 1290 719 1315 seu
739 1281 984 1316 collectionem
1002 1283 1220 1322 carminum,
1241 1282 1383 1325 aliaque
1402 1291 1526 1325 opera,
1545 1282 1589 1316 de

135 1336 267 1380 quibus
285 1337 365 1371 vide
382 1338 632 1376 Assemanum,
655 1338 690 1370 B.
711 1338 765 1377 O.‚
788 1341 810 1370 t.
831 1338 877 1370 111
898 1341 989 1380 part.
1012 1338 1037 1378 1,
1057 1347 1091 1380 p.
1110 1338 1176 1371 5⁵25
1194 1346 1296 1381 seqq.
1318 1338 1449 1372 Sedulo
1469 1342 1587 1373 autem

134 1391 413 1436 distinguendus
441 1396 496 1426 est
523 1391 569 1425 ab
598 1395 745 1426 auctore
773 1392 1005 1436 cognomine,
1025 1392 1225 1427 Ebed-Jcsu
1251 1402 1312 1427 seu
1341 1393 1511 1436 Abdjesu‚
1545 1394 1589 1428 de

134 1456 206 1491 quo
225 1449 342 1493 agitur
359 1457 414 1490 op.
434 1449 493 1482 cil.
515 1452 538 1482 t.
561 1449 587 1488 1,
608 1458 642 1491 p.
663 1449 730 1482 536
748 1456 848 1492 seqq.
872 1449 947 1489 Hic,
965 1458 1008 1483 ex
1033 1450 1212 1483 monacho
1229 1449 1386 1484 coenobii
1406 1451 1465 1483 SS.
1485 1450 1590 1485 Achae

134 1506 169 1537 et
184 1503 334 1538 loannis
353 1502 509 1546 primum
538 1504 698 1536 Gozartae
728 1503 953 1546 metropolita
984 1508 1232 1545 consecratus,
1260 1504 1343 1538 dein
1370 1504 1406 1538 in
1438 1506 1588 1539 Patriar-

134 1559 237 1593 cham
254 1567 274 1592 a
292 1557 467 1592 Chaldaeis
496 1557 708 1592 orthodoxis
738 1567 770 1591 a.
802 1560 888 1593 1555
910 1559 1060 1598 electus,
1089 1561 1236 1594 Romam
1262 1559 1378 1602 petiit,
1398 1565 1431 1594 et
1456 1561 1588 1595 emissa

135 1623 167 1649 a.
189 1613 274 1648 1562
292 1613 373 1648 fidei
401 1613 641 1657 professione,
660 1622 677 1647 a
706 1613 767 1647 Pio
796 1615 836 1647 tv
861 1613 1097 1649 confirmatus
1128 1620 1196 1656 est,
1227 1623 1396 1658 annoque
1423 1617 1588 1659 sequenti

135 1669 271 1704 ultimae
288 1669 431 1704 concilii
449 1669 648 1703 Tridentini
669 1669 825 1703 sessioni
852 1669 1029 1704 interfuit.
1050 1670 1202 1714 Scripsit
1230 1676 1386 1714 quatuor
1414 1672 1588 1712 carmina,

135 1728 201 1762 tria
230 1728 274 1762 de
299 1727 443 1767 Sulaka,
459 1735 477 1761 a
497 1735 568 1770 quo
588 1727 788 1771 Episcopus
813 1727 1003 1763 ordinatus
1032 1728 1161 1769 suerat,
1190 1739 1300 1763 unum
1325 1730 1369 1763 de
1397 1730 1456 1764 Pio
1475 1732 1529 1763 lv,
1550 1749 1587 1755 -

134 1784 204 1818 Csr.
226 1784 396 1818 Barhebr.
417 1783 589 1818 chronici
608 1783 919 1824 additamentum,
938 1787 1026 1818 sect.
1049 1786 1092 1823 ll,
1112 1783 1180 1818 col.
1199 1787 1259 1819 571
1287 1788 1322 1819 et
1346 1786 1424 1824 572,
1444 1785 1504 1819 ubi
1524 1793 1589 1828 pro

135 1847 231 1874 anno
250 1839 347 1879 ¹572,
366 1847 473 1881 quem
494 1840 682 1881 typotheta
703 1838 876 1872 mendose
899 1839 1033 1882 posuit,
1062 1839 1236 1883 legendus
1264 1848 1321 1872 an.
1344 1840 1441 1874 1562.
1460 1858 1501 1864 —
1520 1842 1589 1874 Nec

136 1898 235 1937 putet
254 1893 412 1937 prudens
442 1894 566 1934 lector,
587 1894 665 1927 sine
697 1901 804 1927 causa
833 1893 891 1927 vel
922 1894 1076 1929 utilitate
1106 1898 1346 1928 atramentum
1377 1897 1411 1928 et
1441 1903 1586 1938 operam

135 1949 286 1992 perdere
313 1957 384 1988 me,
415 1948 499 1982 dum
527 1948 618 1982 duos
645 1948 743 1982 viros
774 1947 856 1989 fide,
887 1948 999 1992 gradu
1029 1949 1287 1988 ecclesiastico,
1317 1949 1465 1984 sedibus
1498 1958 1588 1993 quas

135 2008 414 2047 occupaverunt,
434 2003 579 2046 scriptis
597 2011 678 2046 quae
695 2003 900 2043 ediderunt,
919 2007 1023 2038 {etate
1050 2003 1207 2047 denique
1237 2012 1307 2047 qua
1337 2004 1589 2048 unusquisque

136 2061 236 2102 vixit,
255 2061 344 2095 adeo
361 2060 551 2101 distantes,
569 2060 849 2103 distinguendos
867 2067 1010 2094 moneo.
1034 2060 1202 2102 Quamvis
1221 2060 1317 2094 enim
1338 2064 1388 2095 tot
1419 2064 1588 2103 tantaque

138 2115 210 2150 sint
228 2115 452 2155 discrimina,
469 2115 635 2158 quamvis
658 2115 749 2148 alter
776 2115 842 2148 240
871 2114 1014 2149 circiter
1040 2115 1146 2149 annis
1174 2115 1286 2149 altero
1316 2116 1362 2149 sit
1391 2116 1586 2159 antiquior,

138 2170 272 2213 plures,
303 2178 369 2205 nec
401 2170 513 2213 ignoti
548 2169 730 2210 nominis,
769 2170 967 2213 scriptores
999 2171 1195 2204 Sobensem
1230 2170 1429 2204 Ebed-Jesu
1474 2179 1586 2204 unum

137 2226 377 2268 eumdemque
407 2234 489 2260 esse
517 2233 598 2260 cum
629 2225 800 2267 Abdjesu,
831 2225 1078 2260 Chaldaeorum
1114 2226 1330 2266 patriarcha,
1360 2226 1585 2260 existimave-

138 2286 232 2315 runt.
251 2283 300 2315 lta
317 2281 493 2315 Abraham
513 2279 768 2320 Ecchellcnsis,
788 2279 823 2313 in
842 2279 1053 2323 praesatione
1070 2280 1112 2314 ad
1134 2280 1343 2322 Calatoyum
1366 2281 1585 2322 scriptorum

137 2337 325 2379 Syrorum,
356 2337 532 2372 Naironus
557 2336 591 2369 in
620 2336 767 2377 Evoptia
793 2335 877 2378 ficiet
901 2336 1096 2376 catstostcw,
1122 2346 1182 2379 pp.
1211 2337 1275 2369 116
1297 2340 1332 2370 et
1356 2337 1430 2374 117,
1448 2337 1585 2370 Renau-

138 2390 274 2431 dolius,
293 2392 343 2425 De
360 2392 593 2434 perpetuitate
608 2390 707 2431 fidei,
727 2394 751 2424 t.
773 2392 810 2430 V,
830 2401 863 2433 p.
885 2392 960 2425 656.
985 2393 1065 2425 Haec
1082 2391 1323 2425 admirabilia:
1346 2390 1407 2424 sed
1432 2391 1585 2434 prodigii

139 2445 257 2480 simile
273 2451 328 2481 est
345 2447 440 2489 quod
464 2447 594 2480 dicam.
613 2445 833 2488 Stupendam
854 2446 951 2479 illam
971 2445 1287 2480 hallucinationem
1306 2446 1404 2487 virga
1423 2445 1584 2479 censoria

124 2501 277 2536 notavit
308 2503 526 2535 Assemanus
562 2500 598 2534 iu
630 2500 799 2534 Bibliotlz.
833 2502 961 2535 orient.
998 2505 1082 2535 tom.
1122 2502 1131 2534 1
1169 2502 1216 2543 (ρ.
1247 2502 1342 2541 538),
1372 2500 1431 2542 qui
1467 2501 1586 2534 Romae

85 2580 92 2585 .
140 2564 171 2589 a.
192 2557 276 2590 1719
295 2557 388 2599 typis
406 2556 595 2590 mandatus
613 2562 680 2589 est.
698 2557 768 2589 Nec
786 2560 903 2590 tamen
925 2556 1099 2599 impedire
1117 2556 1234 2599 potuit
1251 2556 1340 2598 quin
1357 2556 1584 2593 Antonellus,

141 2611 195 2644 vir
217 2612 311 2646 haud
342 2613 533 2646 mediocris
561 2612 684 2654 utique
713 2612 942 2653 eruditionis,
962 2612 1023 2655 qui
1041 2616 1077 2646 et
1095 2612 1172 2655 ipse
1200 2613 1335 2652 Romae,
1353 2611 1513 2645 nondum
1541 2611 1585 2643 ab

141 2669 409 2704 Assemanianae
426 2669 654 2704 Bibliothecae
671 2669 830 2704 editione
855 2669 961 2703 annis
991 2668 1229 2712 quadraginta
1255 2667 1401 2711 elapsis,
1427 2665 1584 2708 scripsit,
