1737 2950
697 170 968 211 „51-

109 292 427 353 apprehendit,
468 293 523 338 ad
560 293 662 346 alia,
704 306 804 353 quae
852 292 906 337 ab
948 292 1107 338 eodem
1153 298 1338 341 auctore
1385 294 1559 354 prolata

109 369 478 415 commemoravit
505 369 780 416 Fraternitas
808 375 897 423 tua,
928 369 1176 416 veniamus.

176 446 330 491 Tradit
356 446 523 507 itaque,
555 446 597 491 in
626 448 947 492 Dissertatione
971 447 1025 492 de
1057 449 1201 501 acino,
1229 447 1399 496 vixisse
1436 449 1554 495 Noa-

110 522 242 568 chum
270 537 413 583 usque
439 523 493 568 ad
519 537 683 569 annum
712 521 820 568 58¹¹¹⁰
848 523 950 569 vitae
975 523 1233 578 Abraham,
1265 525 1309 570 in
1336 526 1399 571 Ur
1424 525 1555 571 Chal-

109 599 310 645 daeorum
338 600 497 655 fuisse,
530 600 684 660 ibique
711 605 936 646 mortuum
969 614 1072 646 esse
1096 607 1140 646 et
1165 602 1416 661 sepultum;
1448 603 1554 648 item

110 682 302 722 testatur
349 677 530 722 Semum
580 690 725 737 usque
770 676 823 721 ad
873 690 1037 721 annum
1091 676 1200 721 52⁰⁰*
1249 678 1352 725 vitae
1399 679 1557 725 Jacobi

108 754 296 800 vixisse.
329 753 457 800 Scias
486 754 642 814 igitur,
673 768 698 800 o
732 760 780 800 tu
816 753 893 813 qui
920 753 1172 800 doctrinam
1198 754 1373 816 diligis,
1404 762 1559 802 aucto-

112 844 205 877 rem
250 831 385 877 istum
424 832 550 890 juxta
593 831 882 878 traditionem
930 831 1150 878 librorum
1191 832 1453 879 Judaeorum
1489 832 1556 895 (1),

114 922 203 954 non
239 914 388 954 autem
420 908 545 968 juxta
578 908 996 968 interpretationem
1025 910 1142 953 LXX
1169 922 1315 969 neque
1335 909 1461 969 juxta
1487 910 1562 955 Sa·

115 986 435 1033 maritanorum
459 987 765 1041 traditionem,
792 1001 897 1033 suas
923 1001 1081 1033 omnes
1104 988 1467 1047 computationes
1494 987 1561 1032 in·

115 1063 339 1117 stituisse,
358 1070 492 1124 prout
505 1070 548 1110 et
571 1065 667 1124 ipse
688 1065 817 1124 prius
843 1064 1090 1124 scripsisti.
1111 1065 1174 1110 Tu
1195 1078 1302 1111 vero
1323 1065 1562 1111 sententiae

115 1155 215 1201 quae
241 1141 526 1188 translationi
555 1142 672 1187 LXX
699 1143 1001 1201 Interpretum
1033 1141 1282 1188 conformis
1319 1147 1389 1188 est
1414 1141 1562 1188 adhae-

115 1231 234 1272 reas,
249 1218 380 1278 oique
400 1218 604 1278 praebeas
622 1232 878 1271 assensum,
899 1218 1153 1278 praesertim
1175 1218 1218 1262 in
1246 1218 1563 1278 computandis

115 1295 246 1340 annis
275 1295 545 1341 Patriarchae
571 1295 639 1354 (2),
664 1295 875 1355 quoniam
905 1300 1115 1340 auctores
1143 1295 1206 1339 illi
1234 1294 1403 1341 certius
1430 1309 1561 1355 quam

116 1373 190 1418 alii
218 1372 273 1419 de
299 1373 485 1420 veritate
513 1373 823 1419 testimonium
850 1373 1070 1432 praebent.
1102 1371 1326 1418 Admittas
1364 1386 1475 1432 ergo
1508 1373 1562 1417 ab

115 1450 285 1497 Adamo
327 1451 381 1496 ad
428 1451 646 1497 diluvium
687 1465 833 1511 usque
875 1464 1018 1496 annos
1061 1448 1207 1505 2242,
1238 1477 1300 1484 -
1326 1464 1349 1496 a
1392 1450 1562 1495 diluvio

115 1541 260 1588 usque
293 1528 346 1574 ad
372 1527 692 1582 Abrahamum,
723 1542 866 1574 annos
892 1526 1006 1583 943,
1036 1555 1096 1562 --
1124 1527 1178 1573 ab
1209 1526 1380 1574 Adamo
1418 1541 1563 1588 usque

116 1605 168 1651 ad
196 1605 515 1659 Abrahamum‚
545 1620 689 1652 annos
718 1603 864 1655 3185.
888 1633 949 1638 —-
978 1605 1031 1651 ab
1057 1604 1312 1652 Abrahamo
1338 1619 1483 1665 usque
1510 1604 1564 1650 ad

118 1683 284 1728 exitum
313 1683 494 1729 Israelis
521 1698 573 1729 ex
601 1684 800 1744 Egypto,
831 1697 974 1729 annos
1010 1683 1122 1737 515,
1153 1709 1206 1715 —
1241 1683 1295 1728 ab
1337 1682 1456 1728 exitu
1485 1682 1563 1727 illo

118 1773 262 1820 usque
299 1761 352 1806 ad
392 1760 568 1807 initium
608 1760 928 1807 aediticationis
965 1760 1140 1820 templi,
1181 1774 1325 1806 annos
1361 1757 1475 1813 480,
1519 1765 1566 1806 ut

119 1837 340 1897 scriptum
367 1844 437 1884 est
463 1839 506 1883 in
535 1839 650 1884 libro
678 1853 854 1899 regum,
880 1866 941 1872 —
961 1838 1015 1884 ab
1036 1838 1222 1884 exordIO
1249 1837 1566 1883 aedificationis

119 1913 275 1973 templi
320 1914 465 1961 donec
503 1915 623 1961 istud
662 1930 685 1960 a
729 1915 1179 1961 Nabuchodonosore
1224 1914 1560 1967 incenderetur,

120 2005 262 2037 annos
288 1990 399 2044 441,
430 2019 488 2025 —
517 1992 571 2037 ab
596 1991 807 2038 incendio
834 1992 989 2052 templi
1016 2005 1158 2052 usque
1184 1991 1237 2037 ad
1265 1991 1442 2037 initium
1463 2005 1565 2037 aerae

120 2066 399 2122 Graecorum,
441 2083 584 2115 annos
622 2067 733 2115 280.
773 2069 941 2116 Omnes
977 2075 1124 2116 autem
1162 2069 1265 2115 anni
1303 2068 1357 2114 ab
1394 2068 1564 2114 Adamo

168 2231 217 2269 (1)
245 2231 269 2263 Ι.
291 2238 322 2263 e.
341 2233 458 2263 textus
477 2230 672 2264 fluuiorum
693 2230 941 2264 illassorethici

166 2306 213 2345 (2)
239 2294 368 2343 liuilni
393 2304 485 2336 »Λή
516 2306 733 2339 verbotenus
753 2310 929 2346 estcaput
958 2314 1021 2340 seu
1050 2306 1217 2347 princeps
1246 2308 1406 2347 patrum,
1437 2308 1472 2338 et
1502 2305 1567 2339 hoc

123 2361 269 2396 nomine
287 2363 484 2406 generatim
504 2361 714 2404 designatur
732 2363 942 2402 patriarcha
963 2362 1094 2404 quivis.
1118 2362 1180 2395 Hic
1197 2366 1317 2395 autem
1341 2349 1424 2389 κατ’
1443 2353 1567 2399 ε’ξοχην

122 2416 166 2449 de
185 2418 392 2451 Abralzamo
412 2422 606 2461 usurpatur
625 2418 839 2460 appellatim
860 2417 994 2461 quipse
1012 2417 1071 2460 qui
1091 2416 1229 2460 primus
1247 2424 1265 2450 a
1287 2418 1355 2450 Deo
1370 2421 1516 2450 vocatus
1536 2422 1569 2450 et

124 2471 158 2505 in
178 2476 314 2512 patrem
336 2473 454 2516 gentis
472 2474 595 2507 electae
612 2477 821 2515 assumptus
841 2472 917 2506 fuit.
939 2472 1036 2506 Unde
1064 2472 1176 2506 Judaei
1211 2480 1291 2505 sese
1317 2471 1434 2505 vocari
1462 2472 1569 2504 Abra-

124 2526 217 2559 hami
239 2527 330 2561 tilios¹
349 2534 493 2570 semper
511 2527 546 2560 in
564 2527 702 2561 deliciis
722 2527 938 2567 habuerunt,
958 2534 1143 2571 genusque
1161 2527 1205 2560 ab
1223 2535 1265 2560 eo
1291 2526 1436 2560 ductum
1456 2525 1571 2569 magis

124 2590 230 2624 quam
245 2582 350 2616 aliam
367 2591 631 2625 quamcumque
644 2582 819 2626 originem
835 2581 904 2616 sibi
916 2582 1039 2626 gioriae
1055 2581 1376 2623 tribuebant.Quod
1392 2585 1570 2614 sexcentas

124 2638 163 2670 N.
181 2638 218 2669 T.
239 2636 327 2670 locis
345 2638 613 2679 comprobatur,
636 2638 699 2676 lta,
721 2646 750 2670 v.
774 2646 824 2680 g.‚
845 2638 939 2670 Mau.
963 2638 1022 2674 111,
1042 2638 1063 2670 9
1082 2649 1089 2670 ;
1110 2635 1164 2670 Ne
1182 2636 1299 2670 velitis
1329 2636 1447 2668 dicere
1474 2636 1569 2667 intra

125 2699 211 2726 vos:
241 2693 384 2726 Patrem
414 2693 587 2726 habemus
616 2692 890 2731 Abraham,·-
907 2693 1010 2725 Joan.
1031 2693 1120 2732 vni,
1148 2693 1192 2725 55
1222 2704 1228 2724 :
1259 2691 1385 2725 Semen
1412 2690 1572 2724 Abrahce·
