1737 2950
625 393 809 422 ARTlcU
815 393 909 422 Lus
929 393 977 421 11.

152 502 374 548 Doctrinae
400 503 650 560 tlteoloqicoe
675 503 922 561 Aphraatis
946 515 1136 547 eatamen
1160 502 1437 547 instituitur.

140 647 237 693 Jam
262 661 346 708 age
370 646 425 692 ad
451 646 702 693 doctrinam
728 646 966 707 Aphraatis
993 645 1368 692 considerandam
1409 660 1513 706 pro-

76 725 179 785 pius
213 724 497 771 accedamus.
530 725 587 770 Ut
622 731 771 770 autem
814 731 858 770 et
901 723 971 769 hic
1007 723 1157 769 ordini
1195 731 1328 784 atque
1366 737 1513 770 rerum

75 801 390 862 perspicuitati
426 802 753 862 aliquantulum
790 801 1098 855 consulamus,
1128 800 1322 860 primum
1354 801 1514 861 praeci-

75 892 162 938 pua
198 878 403 939 quaedam
438 878 696 924 traditionis
731 878 965 925 catholicae
1000 879 1209 939 dogmata
1243 878 1296 924 ab
1331 884 1514 925 auctore

75 954 170 1001 sive
193 968 274 1015 per
298 955 585 1002 occasionem
621 963 664 1002 et
701 955 848 1002 obiter
883 962 1143 1009 memorata,
1181 954 1276 1002 sive
1309 955 1514 1003 studiose

77 1039 121 1079 et
145 1033 314 1079 fusiore
341 1034 512 1080 calamo
538 1034 744 1094 exposita
780 1040 854 1080 aut
889 1040 1175 1094 propugnata
1201 1033 1358 1094 paucis
1385 1048 1512 1081 reco-

75 1110 241 1165 lemus;
279 1111 384 1158 dein
417 1113 631 1158 nonnulla
664 1112 938 1168 notabimus,
978 1112 1031 1157 ab
1069 1111 1227 1158 eodem
1262 1112 1330 1158 vel
1366 1112 1513 1158 minus

75 1193 215 1241 recte,
244 1188 314 1234 vel
345 1188 582 1235 manifesto
609 1203 763 1235 errore
791 1189 977 1248 prolata.

186 1383 208 1443 ᾖ
246 1384 291 1429 1.
333 1398 383 1429 nn
420 1398 648 1437 ΑΡΗΒΑΑΤΕ,
690 1398 942 1430 τιιΑῡιτιοΝιε
979 1399 1212 1431 CATHOLICAE
1249 1400 1389 1432 TESTE.

139 1530 236 1585 Quo
275 1529 437 1576 melius
472 1536 621 1590 pateat
663 1544 867 1590 quaenam
903 1531 963 1576 sit
995 1531 1039 1575 in
1077 1532 1361 1592 paragrapho
1394 1547 1509 1592 prae-

70 1608 187 1653 senti
214 1608 360 1654 nostri
393 1608 588 1653 instituti
615 1609 747 1661 ratio,
778 1609 959 1668 quinam
998 1609 1184 1663 limites,
1215 1610 1310 1656 haec
1336 1610 1437 1670 ipso
1465 1611 1508 1656 in

71 1683 225 1730 limine
250 1690 498 1744 praenotata
521 1686 748 1731 volumus.

137 1761 357 1817 Quoniam
395 1761 546 1807 omnia
580 1762 823 1822 Aphraatis
863 1762 1035 1822 scripta
1061 1763 1260 1817 unicum,
1291 1777 1373 1810 nec
1400 1778 1512 1824 prae-

70 1839 256 1899 grandis
300 1838 448 1892 molis,
493 1840 703 1885 volumen
752 1840 1088 1899 complectitur,
1133 1840 1315 1901 illaque,
1361 1841 1507 1901 quoad

69 1923 242 1975 partem
276 1916 344 1962 sui
382 1916 497 1962 haud
533 1916 780 1969 minimam,
809 1916 852 1961 in
890 1930 1066 1962 morum
1101 1925 1367 1977 argumento
1400 1932 1505 1964 ver—

68 1999 242 2046 santur,
272 1993 441 2039 nemini
479 1993 638 2039 mirum
677 1993 820 2038 videri
854 1993 990 2039 debet
1021 2007 1110 2039 non
1137 1994 1373 2040 universas
1400 1995 1503 2040 fidei

68 2076 238 2117 nostrae
263 2069 474 2116 veritates
511 2069 555 2114 in
591 2069 647 2115 iis
686 2069 928 2124 contineri,
959 2083 1106 2130 neque
1138 2070 1330 2129 proinde
1365 2085 1504 2130 posse

67 2161 120 2194 ex
146 2148 203 2194 iis
227 2147 483 2194 absolutum
508 2147 635 2207 quasi
658 2149 797 2193 totius
823 2148 1066 2208 theologiae
1091 2147 1360 2209 dogmaticae
1384 2163 1504 2196 com-

65 2225 280 2286 pendium
306 2224 512 2270 conssari.
543 2225 690 2280 Quare
716 2238 770 2270 ne
797 2224 967 2284 aliquid
994 2224 1252 2284 hujusmodi
1287 2239 1504 2272 conemur

65 2303 136 2349 vel
160 2303 275 2348 alius
300 2316 324 2347 a
349 2302 482 2348 nobis
508 2308 742 2362 exspectet
767 2303 864 2362 ipsa
901 2316 974 2348 res
1008 2309 1177 2348 monet.
1209 2303 1353 2358 Quum
1380 2303 1500 2350 insu-

65 2394 146 2440 per
176 2380 373 2440 scriptor
398 2380 597 2426 anterior
621 2380 682 2425 sit
707 2379 952 2439 majoribus
989 2380 1080 2425 illis
1110 2380 1363 2426 haeresibus
1398 2396 1498 2440 quae

65 2458 170 2504 inde
211 2473 234 2503 a
274 2458 443 2504 saeculo
485 2458 541 2504 lV
587 2458 836 2503 Ecclesiam
885 2457 1197 2504 vehementius
1245 2458 1498 2515 turbavere,

66 2549 212 2595 neque
237 2535 347 2581 alias
373 2541 521 2581 sectas
555 2535 641 2581 sibi
677 2535 904 2595 proximas
932 2535 1138 2581 habuerit
1165 2542 1329 2594 praeter
1352 2536 1499 2582 varias

66 2611 384 2658 Gnosticorum
419 2612 590 2658 classes
627 2618 671 2657 ct
710 2611 998 2667 Manichaeos‚
1029 2611 1298 2671 intelligitur
1333 2624 1414 2656 cur
1443 2612 1500 2658 de

66 2688 136 2735 his
178 2695 366 2742 tantum,
401 2688 500 2734 data
538 2688 796 2739 occasione,
840 2688 1050 2733 notandis
1076 2689 1145 2733 vel
1184 2688 1502 2748 impugnandis
