1737 2950
778 175 828 181 -
892 151 966 193 112
1024 175 1074 182 -.-

203 277 341 338 igitur
375 283 462 326 est.
502 276 556 322 ab
594 275 826 322 historicis
864 283 956 322 tum
993 276 1136 337 Syris,
1175 282 1266 322 tum
1304 276 1494 330 Graecis‚
1540 277 1636 338 qui,

202 354 425 414 Ephraemi
463 353 743 414 temporibus
778 353 989 413 proximi,
1022 353 1276 414 discipulos
1317 353 1413 414 ejus
1449 353 1640 400 maxime

201 431 476 491 conspicuos
503 436 757 482 recensent,
790 431 879 476 imo
905 430 958 476 ab
988 430 1089 490 ipso
1115 431 1160 477 S.
1193 431 1390 478 Doctore
1419 431 1557 478 altum
1583 430 1639 478 de

201 508 413 568 Sapiente
449 508 586 554 Persa
615 508 782 554 servari
821 507 1077 559 silentium
1108 507 1229 567 quod
1266 508 1422 569 utique
1457 509 1529 554 vix
1566 515 1641 555 aut

201 601 256 633 ne
279 586 352 631 vix
378 585 560 646 quidem
587 585 780 645 intelligi
807 590 982 644 posset,
1014 585 1053 630 si
1079 584 1152 630 liic
1179 585 1340 632 fuisset
1366 585 1488 632 illius
1513 585 1638 632 audi—

200 671 271 710 tor
300 680 308 709 :
342 677 394 710 ex
421 662 631 709 omnibus
664 662 783 708 enim
820 662 895 722 qui
930 660 1198 708 nominatim
1233 662 1531 724 designantur
1563 677 1638 709 ne-

200 741 364 787 minem
384 740 606 790 novimus,
628 740 722 799 qui.
749 739 844 785 sive
871 739 1057 799 scriptis
1084 739 1140 785 de
1167 754 1214 786 re
1241 739 1456 801 religiosa
1480 739 1634 791 editis,

200 817 295 864 sive
321 817 407 863 alio
435 816 585 868 modo,
625 829 753 875 {eque
778 829 829 861 ac
863 814 1112 875 Aphraates
1149 829 1251 861 sese
1289 816 1510 862 bonorum
1548 830 1637 862 me-
1680 869 1684 871 ,

201 895 341 940 moria
367 894 552 954 dignum
580 892 840 952 praebuerit.

316 1068 338 1127 ἓ
364 1068 409 1115 2.
441 1084 722 1115 ARGUMENTUM
754 1084 913 1115 nuc‘rum
941 1084 991 1115 Ex
1017 1083 1283 1115 nivansmra
1311 1084 1522 1116 oocrnmAE

706 1161 754 1191 ET
781 1160 879 1193 noni
905 1161 1133 1192 scamnum.

265 1282 385 1328 Scite
401 1281 592 1342 advertit
613 1281 838 1342 Georgius
857 1282 1058 1342 gentium
1073 1283 1138 1343 (i),
1157 1282 1413 1342 Sapientem
1434 1283 1632 1336 Persam,

200 1358 347 1418 quoad
375 1358 626 1404 doctrinam
654 1364 697 1403 et
719 1357 911 1403 docendi
940 1358 1138 1411 modum,
1163 1373 1186 1403 a
1212 1359 1257 1404 S.
1285 1359 1520 1418 Ephraemo
1541 1365 1636 1404 tan-

201 1441 291 1480 tum
319 1434 487 1481 distare
515 1441 562 1480 ut
587 1435 719 1480 etiam
742 1448 793 1480 ex
815 1435 900 1480 hoc
925 1435 1188 1480 discrimine
1210 1435 1403 1481 levitatis
1429 1436 1636 1482 convinci

200 1517 364 1571 queant
403 1512 477 1571 qui
517 1511 704 1557 alterum
743 1511 911 1570 prioris
949 1512 1213 1571 magistrum
1250 1512 1391 1558 fuisse
1428 1513 1637 1559 somniati

200 1596 320 1636 sunt.
360 1590 522 1635 lsthaec
559 1596 705 1634 autem
743 1589 983 1634 diversitas
1023 1589 1314 1649 intelligenda
1348 1596 1417 1636 est
1453 1596 1543 1635 tum
1582 1590 1637 1637 de

201 1665 439 1712 sententiis
466 1672 509 1711 et
545 1665 682 1711 variis
708 1664 963 1724 disciplinae
990 1666 1259 1727 theologicae
1285 1666 1355 1712 vel
1391 1667 1636 1726 exegeticae

199 1743 442 1802 capitibus.
473 1749 565 1788 tum
590 1742 720 1787 etiam
748 1742 803 1787 de
838 1742 943 1787 stilo
971 1748 1014 1788 et
1045 1749 1227 1787 externa
1263 1741 1443 1788 dicendi
1474 1742 1632 1797 forma,

199 1834 299 1866 cum
327 1820 591 1880 Ephraemus
631 1819 811 1880 ligatam
845 1819 1111 1871 orationem,
1142 1832 1329 1879 eamque
1361 1819 1636 1879 metaphoris

200 1903 244 1943 et
262 1897 471 1943 omnibus
492 1909 686 1956 poeseos
706 1895 981 1941 ornamentis
1001 1902 1134 1955 atque
1154 1895 1385 1955 leporibus
1405 1895 1631 1951 refertam,

201 1974 454 2034 saepissime
501 1973 724 2024 adhibeat,
773 1973 1019 2032 Aphraates
1068 1986 1173 2018 vero
1217 1985 1426 2018 sermone
1468 1972 1634 2032 ubique

201 2050 368 2102 soluto,
416 2050 653 2108 minusque
691 2049 734 2093 in
773 2049 1031 2094 universum
1076 2053 1258 2108 compto
1301 2061 1353 2094 ao
1393 2049 1634 2108 splendido

202 2133 365 2173 utatur.

268 2203 394 2260 Quod
437 2202 490 2248 ad
530 2217 602 2248 res
647 2203 768 2262 ipsas
815 2203 990 2255 attinet,
1036 2203 1171 2262 longe
1215 2201 1370 2262 utique
1413 2202 1634 2262 praecellit

202 2280 370 2326 Doctor
395 2279 640 2326 Nisibenus
667 2279 949 2325 materiarum
983 2278 1268 2324 multitudine
1301 2285 1345 2324 et
1379 2279 1590 2326 varietate
1619 2296 1627 2324 :

203 2356 370 2416 quippe
405 2355 481 2416 qui
516 2369 604 2402 non
642 2355 775 2402 modo
812 2354 938 2400 dedit
976 2354 1187 2400 continua
1220 2354 1262 2398 in
1297 2368 1455 2400 omnes
1499 2355 1549 2401 V.
1590 2361 1634 2401 et

203 2433 258 2477 N.
290 2433 338 2478 T.
371 2432 511 2478 libros
538 2433 881 2486 Commentaria‚
911 2445 1062 2476 verum
1098 2431 1227 2476 etiam
1256 2431 1389 2484 Οάαε,
1421 2432 1632 2477 Carmina

203 2514 247 2554 et
271 2510 461 2568 Hymnos
486 2509 759 2568 conscripsit
785 2508 839 2554 dc
867 2508 1115 2554 innumeris
1154 2507 1243 2553 sere
1268 2508 1547 2568 argumentis
1575 2508 1628 2554 ad

247 2671 294 2710 (¹)
318 2669 393 2703 Vid.
413 2678 508 2712 sup.‚
527 2680 561 2712 p.
581 2671 634 2705 ¹6.
