1737 2950
790 200 1054 241 -68-

206 325 422 373 mediocri
447 324 565 385 apud
598 331 853 372 coaetaneos
891 338 992 370 eum
1017 324 1214 370 valuisse
1238 323 1402 370 exinde
1431 329 1634 384 apparet,

204 403 325 464 quod
352 402 395 448 hi
421 401 475 447 ab
500 415 554 447 eo
579 399 1161 461 postularent-solutionem
1187 400 1488 460 quaestionum
1517 399 1562 445 in
1588 413 1637 446 re

203 494 329 526 sacra
355 484 442 525 tam
467 477 722 539 theologica
754 491 886 537 quam
920 477 1152 537 exegetica
1184 476 1507 531 difficilimum,
1537 476 1637 537 ipse

200 571 325 611 vero,
358 556 401 601 in
438 555 630 601 solemni
667 555 916 600 Praesulum
952 559 1086 614 atque
1120 554 1489 615 presbyterorum
1527 567 1635 601 con-

201 648 353 687 sessu,
382 633 624 691 Epistolam
650 631 705 677 de
732 631 867 677 rebus
903 630 1086 691 agitatis
1118 645 1168 677 ac
1203 630 1402 677 definitis
1436 630 1636 677 omnium

202 710 383 757 nomine
418 710 472 755 ad
498 709 668 755 clerum
694 714 738 754 et
769 707 925 754 fideles
954 707 1156 754 scribere
1175 707 1429 767 juberetur,
1458 714 1503 754 et
1526 707 1636 754 alias

203 801 362 848 magua
385 800 485 832 cuin
513 784 692 838 fiducia,
722 784 822 830 data
859 783 1116 838 occasione,
1146 783 1400 844 Episcopos
1425 783 1556 830 etiam
1582 784 1636 832 ad

202 863 465 923 diligentem
514 860 713 906 muneris
755 860 824 906 sui
867 859 1234 920 adimpletionem
1275 859 1504 906 adhortari
1547 874 1636 908 non

199 939 441 985 dubitaret.
488 935 689 994 Quarum
736 936 917 997 quidem
964 936 1264 983 assertionum
1312 949 1413 983 cum
1453 937 1635 999 longior

199 1015 423 1076 expositio
450 1015 610 1074 partim
638 1013 908 1059 reservanda
933 1012 1136 1059 videatur
1161 1012 1204 1057 in
1241 1027 1342 1058 eum
1375 1014 1524 1060 locum
1556 1013 1633 1061 ubi

198 1092 433 1153 speciatim
469 1105 655 1152 agemus
689 1090 745 1136 de
778 1089 976 1136 auctoris
1013 1090 1156 1136 nostri
1189 1103 1372 1136 munere
1404 1095 1449 1136 et
1483 1089 1633 1153 digni·

197 1176 286 1216 tate
323 1169 391 1227 (il,
438 1182 526 1214 non
565 1181 810 1227 possumus
846 1172 992 1212 tamen
1030 1167 1155 1227 quin.
1203 1167 1430 1214 mentione
1470 1167 1634 1228 injecta

196 1246 374 1291 illorum
406 1244 482 1305 qui
516 1244 699 1304 plurimi
739 1243 938 1289 facerent
976 1243 1072 1302 ejus
1111 1243 1154 1287 in
1192 1243 1450 1302 disciplinis
1489 1244 1633 1291 sacris

195 1320 506 1368 auctoritatem
564 1326 698 1381 atque
754 1320 1049 1374 sententiam,
1103 1320 1176 1366 hic
1229 1334 1634 1369 commemoremus

196 1399 439 1456 Epistolam
464 1410 564 1456 quae
590 1396 644 1441 ad
671 1396 819 1456 ipsum
846 1395 1217 1457 interrogationis
1243 1409 1377 1443 causa
1403 1397 1540 1444 missa
1563 1403 1634 1445 est

194 1480 237 1519 et
256 1474 633 1519 Dissertationum
655 1486 766 1531 quas
789 1473 1029 1517 etiamnum
1052 1472 1265 1518 habemus
1291 1473 1632 1520 scribendarum

192 1550 335 1609 prima
362 1549 443 1594 suit
463 1549 659 1594 occasio.
693 1549 911 1603 Quoniam
934 1562 1042 1594 vero
1063 1548 1104 1592 in
1129 1549 1237 1594 Mss.
1266 1549 1409 1595 Codd.
1435 1550 1632 1610 Syriacis

189 1627 396 1684 Epistoloe
427 1625 603 1670 initium
642 1624 838 1670 deletum
876 1631 962 1674 est,
996 1625 1038 1669 id
1078 1639 1130 1670 ex
1166 1626 1461 1672 translatione
1494 1626 1631 1673 Anto—

191 1703 296 1748 nelli
322 1702 369 1763 (a)
397 1707 667 1755 mutuamur,
699 1701 917 1760 reliquam
941 1707 1112 1760 partem
1139 1715 1190 1747 cx
1219 1702 1420 1748 editione
1448 1703 1630 1764 Wrigh-

192 1780 309 1825 tiana
335 1778 382 1840 (3)
410 1779 452 1823 in
481 1779 686 1824 Latinum
710 1779 929 1824 vertendo
956 1793 1227 1825 sermonem.
1256 1780 1466 1835 Quaenam
1494 1781 1633 1841 igitur

191 1856 355 1901 fuerint
382 1855 752 1915 interrogationis
777 1855 913 1901 verba
950 1862 994 1901 et
1030 1862 1160 1902 tenor
1197 1870 1249 1902 ex
1280 1863 1473 1916 utroque
1508 1856 1630 1903 fonte

191 1932 324 1977 simul
351 1932 515 1978 collato
542 1932 714 1991 accipe.

258 2027 279 2048 «
306 2008 407 2052 Misi
434 2007 487 2052 ad
513 2014 574 2061 te,
598 2007 850 2062 carissime,
873 2008 1150 2068 quaestiones
1176 2008 1366 2068 aliquas,
1390 2008 1444 2054 de
1465 2009 1630 2069 quibus

192 2091 233 2130 te
259 2084 498 2130 consulere
525 2083 633 2129 mihi
660 2097 849 2130 necesse
875 2084 973 2130 fuit.
1000 2085 1062 2130 Tu
1089 2085 1244 2130 audire
1270 2099 1339 2131 me
1364 2099 1419 2131 ne
1444 2098 1624 2132 renuas.

189 2160 325 2205 Multa
364 2160 481 2206 enim
525 2166 645 2214 sunt,
692 2174 792 2220 quae
835 2173 1010 2206 mecum
1054 2160 1202 2206 animo
1244 2166 1476 2220 reputans,
1525 2161 1630 2208 inde

190 2245 337 2284 motus
375 2252 474 2284 sum
510 2244 559 2283 ut
593 2238 646 2283 ad
681 2244 724 2283 te
765 2238 1012 2285 scriberem
1047 2237 1112 2301 (4);
1143 2244 1188 2284 et
1225 2243 1271 2284 tu
1303 2238 1480 2299 aperias
1522 2238 1627 2284 mihi

250 2391 261 2421 1
307 2390 431 2422 Part.l
522 2390 560 2423 ,1
603 2414 610 2422 .

231 2391 280 2484 {23
306 2443 420 2484 Opera
438 2390 621 2478 §.agacclvbi
640 2444 807 2486 Episcopi
821 2444 1001 2486 Nisibeni,·
1019 2445 1154 2485 Romae,
1173 2445 1270 2478 ¹756.
1286 2443 1482 2486 Episcotam
1499 2441 1543 2477 de
1558 2450 1628 2486 qua

187 2496 292 2529 nobis
321 2505 439 2530 sermo
472 2501 539 2538 est,
571 2507 751 2542 quamque
781 2499 953 2543 Gregorio
988 2498 1224 2532 llluminatori
1256 2505 1407 2533 erronee
1437 2495 1629 2540 adscripsit

188 2550 394 2590 translator,
413 2551 585 2586 exhibent
604 2561 707 2596 pagg.
729 2555 741 2586 1
764 2557 799 2586 et
815 2554 847 2587 2.

227 2617 274 2655 (3)
301 2615 372 2648 The
388 2615 549 2650 homilies
567 2617 608 2658 of
620 2617 841 2658 Αῃὴνααιεε,
861 2625 941 2661 pag.
961 2622 975 2656 2
1009 2636 1016 2644 ·

227 2671 273 2709 (4)
300 2671 489 2712 Hucusque
507 2671 728 2705 Antonellus.
755 2673 838 2713 Quae
864 2680 948 2707 vero
977 2675 1178 2714 sequuntur
1205 2672 1248 2707 ad
1277 2675 1410 2706 textum
1440 2669 1625 2714 Syriacum

185 2731 351 2765 expressa
371 2727 464 2757 sunt.
