1737 2950
744 165 1034 207 -214-

170 293 368 339 redirent
392 299 436 339 et
460 293 511 339 ad
543 294 778 340 Dominum
805 300 1191 340 converterentur.
1222 294 1267 339 Si
1304 293 1422 340 enim
1455 292 1599 353 poeni-

168 372 350 416 tentiam
377 371 601 432 egissent,
633 373 726 418 haec
752 378 934 432 accepta
959 372 1137 424 fuisset,
1168 371 1286 417 sicut
1309 377 1492 430 accepta
1517 370 1601 416 fuit

167 448 407 495 conversio
432 449 750 504 Ninivitarum,
785 450 878 510 qni,
917 449 1134 510 praedicta
1168 448 1254 495 sibi
1281 447 1596 500 subversione,

167 525 393 585 publicam
436 528 698 589 peragendo
740 527 1067 588 poenitentiam,
1106 526 1213 571 iram
1249 525 1444 571 divinam
1485 539 1508 570 a
1550 537 1600 570 se

169 611 448 659 averterunt;
485 607 601 653 sicut
637 607 787 660 etiam,
830 606 940 652 inito
975 604 1161 657 foedere,
1199 602 1460 650 Gabaonitis
1495 615 1598 662 pro-

172 682 359 727 missum
409 689 495 736 est,
543 684 669 744 ipsos
707 697 793 729 non
841 682 1035 728 deletum
1074 681 1126 726 iri
1165 693 1264 726 cum
1308 678 1596 730 Chananaeis;

169 759 364 820 denique
399 760 517 806 sicut
550 760 701 806 Rahab
735 759 970 820 poenitenti
1013 758 1139 804 venia
1181 770 1401 804 concessa
1437 761 1507 802 est
1547 769 1601 802 eo

169 835 288 897 quod
327 837 595 883 crediderat.
634 837 803 883 Eodem
840 836 979 897 igitur
1014 835 1146 881 modo
1180 840 1224 881 et
1255 833 1601 880 Amalecitarum

169 915 432 974 poenitentia
481 921 666 976 accepta
719 915 916 966 fuisset,
975 914 1011 959 si
1064 911 1370 958 credidissent
1420 927 1429 957 :
1481 911 1602 958 Deus

169 995 337 1055 quippe
363 993 707 1054 quadringentis
733 993 862 1038 annis
890 991 1102 1052 patientia
1121 1004 1228 1051 erga
1247 990 1350 1036 illos
1375 1003 1486 1036 usus
1511 994 1597 1036 est.

170 1072 256 1118 Sed
298 1072 422 1131 lapso
465 1076 561 1117 toto
603 1071 690 1116 hoc
732 1077 951 1130 tempore,
993 1082 1092 1114 cum
1135 1067 1328 1114 vidisset
1365 1081 1444 1114 eos
1479 1067 1602 1114 nullo

169 1149 302 1195 modo
338 1148 556 1200 converti,
599 1148 661 1194 ira
695 1150 738 1193 in
774 1149 876 1194 illos
909 1147 1093 1201 exarsit,
1140 1145 1495 1207 recordatusque
1533 1150 1604 1191 est

169 1227 481 1289 praedictionis
507 1242 639 1288 quam
672 1228 854 1288 Moyses
890 1226 932 1271 in
966 1224 1084 1273 libro
1112 1231 1268 1272 sancto
1302 1223 1601 1285 consignavit.

171 1305 325 1367 Itaque
371 1311 612 1366 postquam
661 1306 764 1352 Saul
811 1305 927 1351 solio
968 1305 1140 1366 potitus
1183 1309 1278 1357 est,
1324 1303 1437 1349 dixit
1483 1303 1604 1350 Deus

172 1383 366 1429 Samueli
393 1381 442 1443 (t)
472 1398 482 1428 :
511 1384 612 1429 Hoec
636 1383 801 1428 manda
832 1384 924 1440 reqz'
954 1400 963 1427 :
993 1383 1173 1427 Memini
1202 1395 1353 1427 eorum
1376 1393 1477 1439 quae
1497 1378 1604 1441 feeit

169 1460 287 1504 vobis
334 1461 531 1512 Amalec,
580 1473 719 1518 quum
767 1460 1033 1504 exeuntibus
1073 1472 1130 1504 ex
1171 1459 1358 1517 AEqypto
1399 1463 1603 1503 armatus

170 1538 390 1591 occurrit,·
435 1536 601 1581 idcirco
642 1549 762 1580 nunc
790 1549 925 1594 pei-qe
956 1542 996 1580 et
1031 1534 1232 1591 interfice
1267 1534 1458 1584 Amalec,
1495 1534 1603 1592 quia

167 1614 382 1671 peccavit.
435 1612 538 1657 Saul
588 1611 727 1672 igitur
772 1611 990 1657 adversus
1037 1610 1306 1656 Amalecitas
1356 1610 1600 1670 processit,

171 1703 340 1749 eosque
383 1688 511 1734 clade
558 1687 728 1741 affecit;
779 1687 858 1734 sed
908 1688 1028 1748 quia,
1083 1686 1394 1734 misericordia
1436 1692 1600 1740 motus,

172 1766 441 1827 quibusdam
491 1779 644 1811 eorum
692 1771 975 1826 pepercerat,
1029 1780 1052 1811 e
1099 1765 1216 1811 solio
1264 1764 1466 1824 dejectus
1514 1770 1599 1811 est.

170 1845 305 1890 Hisce
331 1849 476 1889 autem
504 1842 709 1903 reliquiis
733 1842 894 1889 domus
915 1842 1058 1903 Agag,
1088 1855 1221 1903 quem
1243 1841 1333 1887 vita
1356 1840 1604 1887 donaverat

172 1922 292 1973 Saul,
322 1919 631 1967 accensendus
663 1924 733 1965 est
759 1919 922 1972 Aman;
964 1918 1274 1965 Mardochaeus
1312 1931 1418 1964 vero
1448 1917 1603 1964 oriun-

168 1999 253 2046 dus
279 2006 373 2045 erat
397 2012 450 2044 ex
476 1997 618 2057 stirpe
645 1996 809 2049 Saulis,
839 1996 913 2056 qui
952 1995 1161 2041 familiam
1198 1993 1326 2055 Agag
1361 2007 1520 2055 magna
1545 2007 1599 2040 ex

171 2083 297 2137 parte
322 2075 562 2121 deleverat.

235 2151 321 2198 Sed
362 2150 567 2197 homines
605 2155 726 2201 sunt,
762 2149 1012 2201 carissime,
1054 2148 1129 2208 qui
1170 2147 1496 2193 Mardochaeum
1533 2160 1602 2193 re-

169 2229 519 2291 prehendentes,
551 2227 646 2273 haec
681 2232 889 2286 quaerunt
919 2242 926 2270 :
961 2244 982 2266 c<
1008 2223 1101 2271 Cur
1127 2224 1300 2277 Amani,
1331 2224 1407 2285 qui
1434 2224 1476 2269 in
1504 2224 1601 2270 uni·

168 2320 301 2353 verso
333 2319 474 2367 regno
510 2303 752 2364 plurimum
785 2301 999 2362 pollebat,
1039 2315 1127 2347 non
1163 2299 1414 2347 assurexit?
1439 2300 1602 2360 ecquid

170 2382 427 2430 detrimenti
454 2395 616 2442 passus
650 2380 828 2428 fuisset.
859 2379 896 2425 si
933 2379 997 2423 illi
1033 2377 1314 2424 exhibuisset
1354 2377 1603 2423 honorem?

171 2461 216 2507 Si
252 2460 369 2505 enim
405 2458 480 2519 (ita
513 2464 708 2517 pergunt
741 2455 852 2515 isti),
882 2455 1038 2500 Amani
1074 2454 1418 2506 assurrexisset,
1447 2459 1603 2500 contra

170 2536 317 2597 ipsum
339 2535 525 2595 ejusque
553 2533 794 2594 populares
822 2545 1081 2592 perversum
1111 2530 1220 2577 illud
1248 2529 1486 2577 consilium
1513 2543 1600 2576 non

213 2711 259 2747 (¹)
287 2710 294 2741 Ι
317 2709 449 2749 Requm
471 2709 535 2746 XV,
554 2707 590 2747 2,
606 2709 637 2740 5Δ
