1737 2950
744 181 1039 223 -212—

177 309 415 370 prudentia
456 323 537 357 sua
580 323 669 356 non
714 317 786 356 est
827 310 1017 357 salutem
1060 316 1352 356 consecutus.
1395 309 1615 367 Quoniam

175 392 350 433 astutus
382 386 464 432 fuit
499 386 553 433 ad
590 387 777 442 malum,
819 386 1076 448 arrogantia
1108 386 1206 446 ejus
1242 385 1472 433 humiliata
1511 392 1610 441 est,

176 464 373 526 dignitas
409 465 464 511 ab
508 479 562 512 eo
603 465 748 511 ablata
792 465 897 518 fuit,
953 465 1173 525 splendor
1220 465 1428 519 evanuit,
1479 465 1615 525 periit

175 541 407 588 fortitudo.
455 543 590 604 Plaga
633 542 820 589 affectus
863 548 932 588 est
977 556 1109 602 quam
1153 542 1359 603 infligere
1403 541 1609 596 volebat,

172 625 361 665 mortem
386 633 518 679 quam
544 620 647 666 aliis
675 619 1011 665 machinabatur
1037 619 1134 679 ipse
1161 619 1318 665 subiit.
1346 619 1396 665 Ei
1423 631 1614 680 namque

170 696 456 757 propositum
498 704 593 742 erat
635 696 873 742 universos
915 695 1099 742 Judaeos
1142 697 1219 757 qui
1262 696 1384 758 regis
1426 693 1614 744 Assueri

168 772 387 818 ditionem
414 773 670 819 incolebant
699 773 796 819 neci
823 772 1024 826 tradere;
1060 778 1105 819 at
1136 772 1219 819 fuit
1245 772 1466 833 jejunium
1498 772 1611 818 Mar-

169 849 344 896 docliaei
370 856 413 896 et
449 850 654 896 Estheris
692 855 870 896 scutum
906 848 1028 910 quod
1063 849 1151 895 tela
1185 848 1372 896 Amanis
1407 848 1608 910 excepit;

170 925 242 972 hic
292 926 333 971 in
385 926 620 987 iniquitate
668 941 747 973 sua
797 926 1054 987 implicatus
1103 933 1200 980 est,
1251 926 1431 988 gladius
1479 939 1613 986 quem

169 1002 356 1063 gerebat
380 1016 460 1049 cor
491 1003 637 1063 ipsius
675 1002 925 1056 transfixit;
965 1017 1097 1049 arcus
1133 1003 1248 1063 ejus,
1289 1003 1343 1049 ad
1378 1008 1613 1064 peccatum

169 1086 394 1135 extentus,
438 1081 697 1127 confractus
732 1087 818 1135 est,
859 1087 994 1141 prout
1028 1081 1070 1126 id
1112 1081 1264 1142 impiis
1300 1086 1426 1141 optat
1459 1079 1611 1140 Scrip-

168 1163 266 1202 tura
291 1156 340 1216 (1)
370 1173 378 1203 :
421 1158 608 1203 Gladius
637 1171 790 1203 eorum
822 1159 1021 1216 ipsorum
1048 1165 1228 1217 pectora
1263 1155 1538 1218 transfodiat
1570 1163 1614 1202 et

168 1249 302 1280 arcus
327 1248 480 1280 eorum
505 1235 872 1296 confrinqantm:
907 1236 1004 1281 Hoc
1040 1236 1083 1280 in
1118 1235 1286 1281 Amane
1321 1234 1613 1295 adimpletum

171 1318 265 1368 est,
300 1313 479 1373 quando
515 1314 716 1374 patibulo
755 1313 875 1374 quod
915 1313 1200 1360 Mardochaeo
1235 1312 1423 1374 ejusque
1456 1312 1614 1358 liberis
1695 1374 1699 1382 ι

171 1395 370 1435 erectum
411 1389 555 1436 fuerat
596 1390 736 1435 Aman
778 1404 880 1436 cum
925 1389 1032 1435 filiis
1074 1390 1169 1436 suis
1212 1402 1467 1450 suspensus
1509 1387 1609 1442 fuit,

169 1466 328 1526 sicque
366 1466 526 1512 incidit
558 1467 627 1512 vir
670 1480 862 1527 nequam
906 1467 948 1511 in
993 1466 1170 1512 foveam
1205 1480 1338 1526 quam
1375 1464 1609 1518 effoderat,

169 1544 328 1604 laqueo
374 1558 506 1605 quem
557 1545 808 1591 tetenderat
857 1550 1016 1604 captus
1061 1550 1148 1598 est,
1205 1550 1299 1590 rete
1345 1557 1476 1590 suum
1525 1542 1613 1589 sibi

173 1621 385 1680 injectum
416 1635 518 1668 csse
545 1621 706 1675 doluit,
747 1622 790 1666 in
828 1635 983 1668 casses
1021 1621 1272 1681 iniquitatis
1307 1620 1474 1667 cecidit
1498 1625 1543 1666 et
1567 1620 1612 1665 in
1684 1683 1688 1689 ,

173 1703 389 1743 aeternum
417 1698 582 1744 misere
605 1698 757 1758 periit.

239 1773 327 1820 Cur
352 1781 498 1821 autem
527 1775 747 1821 instanter
773 1775 1017 1835 postulavit
1043 1774 1181 1820 Aman
1208 1789 1231 1820 a
1258 1788 1365 1836 rege
1398 1782 1446 1821 ut
1467 1775 1613 1822 Judaei

173 1865 330 1897 omnes
366 1851 620 1905 interirent,
660 1853 747 1898 nisi
786 1852 890 1912 quia
925 1851 1185 1898 intendebat
1221 1852 1465 1912 populares
1503 1865 1632 1898 suos.

176 1928 334 1974 ulcisci
377 1935 421 1974 et
463 1930 766 1975 Israelitarum
810 1943 972 1975 nomen
1017 1929 1194 1982 delere,
1242 1928 1361 1974 sicut
1400 1929 1614 1975 memoria

175 2006 355 2051 Amalec
391 2005 474 2051 sub
508 2007 623 2052 coelo
661 2007 805 2053 deleta
841 2007 938 2052 est?
979 2007 1270 2052 Rcmanserat
1312 2006 1430 2052 enim
1472 2006 1612 2052 Aman

177 2083 293 2128 inter
319 2083 664 2130 Amalccitarum
691 2084 925 2144 reliquias,
956 2083 1181 2144 siquidem
1210 2084 1429 2144 scriptum
1455 2090 1524 2130 est
1541 2081 1607 2147 (2),

176 2173 276 2205 eum
304 2159 442 2206 filium
470 2161 611 2207 fuisse
636 2161 890 2215 Amadatbi,
920 2161 996 2221 qui
1023 2176 1047 2207 e
1073 2161 1216 2221 stirpe
1240 2160 1369 2222 Agag
1392 2160 1612 2207 oriundus

177 2243 286 2282 erat.
317 2237 458 2283 Porro
484 2253 621 2298 quum
656 2239 730 2284 ille
763 2252 923 2299 magno
959 2239 1001 2282 in
1038 2239 1207 2284 honore
1242 2243 1365 2284 esset
1400 2237 1442 2282 in
1477 2236 1611 2282 domo

175 2313 381 2367 Assueri‚
413 2314 721 2361 Mardochacus
761 2316 812 2360 ad
849 2320 1022 2374 portam
1051 2314 1172 2374 regis
1198 2313 1402 2374 quotidie
1427 2312 1614 2359 sedebat

177 2396 362 2450 propter
389 2391 642 2445 Estherein‚
684 2407 814 2452 quam
852 2392 1134 2438 educaverat.
1174 2391 1280 2437 Haec
1315 2404 1523 2450 namque,
1556 2389 1610 2436 ad

175 2466 422 2514 Assuerum
465 2482 618 2529 regem
661 2469 868 2523 adducta,
915 2469 954 2514 ei
997 2469 1225 2528 placuerat
1267 2482 1360 2528 prae
1400 2467 1610 2514 omnibus

221 2650 267 2686 (1)
295 2648 353 2682 Ps.
375 2649 514 2688 xxxvt.
535 2650 586 2681 15.

219 2704 266 2744 (2)
292 2704 429 2737 Esther.
453 2705 512 2742 ΙΙΙ,
533 2707 562 2738 1.
