1737 2950
646 226 939 268 -103-

15 342 18 344 v
68 352 178 398 tium
199 351 301 406 lata,
327 370 348 392 «
375 365 430 397 ne
451 352 698 397 monachus
723 352 799 411 qui
827 365 974 412 neque
999 353 1237 413 presbyter
1264 359 1336 399 est
1366 368 1511 413 neque

69 427 305 481 diaconus,
351 427 511 473 audeat
555 442 749 488 unquam
789 428 1115 474 Eucharistiam
1159 430 1395 490 porrigere
1443 447 1449 474 :
1489 449 1508 469 »

71 521 202 587 §322
257 531 417 580 ...ῥα-1
477 521 503 572 l]
563 521 793 572 RQ&
836 515 875 572 0'l
930 540 994 583 05³¹
1047 523 1209 569 bum
1257 523 1345 582 αξ)
1388 523 1511 583 imi-⁶?

73 653 82 663 .
118 616 298 666 uma:
335 622 463 667 lllum
508 629 655 667 autem
699 636 847 675 usum,
899 637 922 667 a
968 623 1128 682 primis
1178 623 1510 689 Christianismi

68 705 252 751 saeculis
286 704 534 757 inductum,
572 704 626 749 ad
666 710 848 750 nostros
887 718 1031 764 usque
1062 704 1160 750 dies
1196 719 1513 764 perseverasse

68 787 292 827 testantur
315 780 589 841 quicumque
623 780 677 826 de
705 780 786 826 hac
813 781 996 826 materia
1023 781 1324 841 scripserunt.
1357 783 1513 842 Neque

69 857 113 904 id
151 858 279 919 Syris
315 863 485 903 tantum
531 858 765 918 proprium
802 865 895 912 est,
933 859 1157 919 siquidem
1184 859 1301 919 apud
1331 859 1514 906 Graecos

69 935 294 996 hodieque
312 935 551 981 coenobitae
573 935 615 979 in
637 934 747 981 duas
765 935 1086 982 discernuntur
1105 937 1296 990 classes,
1325 951 1510 996 quarum

67 1013 205 1058 altera
227 1015 430 1071 μουαχοὺς,
456 1018 715 1073 ἱερομονάχους
740 1012 877 1057 altera
909 1013 1243 1073 complectitur.

134 1091 197 1135 Ex
226 1089 361 1135 dictis
387 1089 526 1150 igitur
559 1089 718 1150 liquet,
759 1090 934 1136 etiamsi
970 1091 1152 1137 daretur
1187 1098 1435 1144 auctorem,
1470 1094 1509 1137 in

65 1167 212 1213 inciso
238 1166 292 1212 de
319 1180 408 1227 quo
436 1166 566 1212 nobis
594 1181 743 1212 sermo
770 1173 839 1212 est
871 1167 1128 1215 condendo.
1159 1168 1211 1213 ad
1241 1169 1505 1221 monachos,

67 1247 266 1308 collegas
319 1261 450 1297 suos,
507 1247 788 1306 respexisse,
838 1247 1254 1306 interpretationem
1312 1255 1509 1294 nostram

67 1326 190 1371 nullo
217 1325 351 1371 modo
380 1325 652 1370 labefactari.
682 1352 733 1357 -
762 1325 984 1371 Czeterum
1027 1341 1127 1371 cum
1174 1326 1228 1371 de
1267 1327 1346 1371 hac
1388 1328 1508 1372 viros

66 1403 360 1448 doctissimos
386 1402 558 1447 Bickell
580 1408 621 1448 et
649 1403 784 1448 Sasse
809 1404 1063 1449 contrarios
1091 1404 1222 1449 nohis
1250 1404 1508 1460 habeamus,

65 1495 161 1526 eam
182 1481 374 1541 quisque
397 1481 664 1526 sententiam
685 1480 864 1540 seligat,
890 1495 990 1540 qua}
1011 1481 1096 1526 sibi
1121 1482 1264 1542 magis
1285 1482 1504 1528 arriserit.

64 1557 131 1603 Ab
174 1558 287 1617 ipsis
328 1558 536 1618 equidem
586 1564 772 1618 propter
813 1559 1011 1604 rationes
1055 1560 1286 1618 expositas
1338 1560 1510 1620 absque

66 1635 315 1680 temeritate
351 1634 584 1680 dissentiri
623 1649 760 1694 posse
797 1634 982 1694 opinor;
1014 1641 1056 1680 ct
1090 1636 1210 1689 ideo,
1241 1644 1507 1696 argumento

66 1712 185 1772 quod
213 1726 266 1757 ex
292 1713 370 1757 hac
398 1712 711 1772 propositione
737 1726 819 1772 pro
845 1712 1072 1771 Sapientis
1100 1714 1252 1759 Persae
1289 1713 1508 1774 dignitate

66 1789 297 1835 deducunt
330 1790 552 1849 seposito,
592 1790 733 1835 satius
771 1790 903 1835 habui
943 1791 1079 1839 aliud,
1122 1792 1326 1851 quamvis
1362 1793 1509 1837 minus

66 1866 324 1926 expeditum
369 1880 450 1912 nec
494 1873 579 1911 tam
623 1866 779 1926 paucis
815 1867 967 1912 verbis
1011 1868 1504 1927 comprehendendum,

67 1957 119 1989 ex
147 1943 201 1989 iis
228 1957 328 2003 quae
353 1943 513 1988 scribit
541 1950 696 1988 auctor
731 1949 773 1989 et
810 1956 862 1988 ex
903 1944 1036 1989 modo
1074 1958 1163 2004 quo
1203 1945 1258 1990 de
1296 1946 1508 1991 universo

66 2022 188 2067 clero
214 2021 307 2081 agit.
333 2021 549 2082 colligere
575 2028 709 2081 atque
735 2020 1025 2067 concinnare.

614 2198 898 2227 ARTICULUS
917 2199 966 2226 11.

388 2292 448 2336 De
482 2299 608 2336 statu
645 2294 888 2337 monastico
924 2293 1188 2350 Aphraatz's.

137 2413 378 2474 Georgius,
410 2414 666 2474 Episcopus
691 2415 903 2467 Arabum,
933 2415 1027 2474 qui,
1060 2415 1102 2458 in
1129 2428 1212 2460 suo
1238 2415 1292 2460 ad
1327 2416 1509 2462 Josuam

74 2492 301 2538 reclusum
322 2505 564 2552 responso,
592 2492 778 2537 affirmat
799 2500 931 2552 atque
953 2492 1230 2538 demonstrat
1257 2493 1510 2554 Sapientem

72 2635 204 2671 videsis
234 2636 400 2680 Wright.,
433 2637 590 2680 Catatoq.
623 2638 739 2680 ofthe
762 2639 842 2680 Syr.
875 2640 972 2675 Mss.
1005 2640 1064 2678 ΙΙΙ,
1093 2647 1125 2681 p.
1157 2640 1252 2672 13¹7
1280 2624 1365 2681 Quae
1391 2639 1448 2673 hic
1472 2648 1513 2672 ex

71 2695 267 2726 Assemano
285 2697 587 2726 commemoratur
605 2693 812 2735 prohibitio,
833 2703 872 2727 ea
892 2694 1083 2736 desumpta
1113 2699 1167 2728 est
1190 2704 1230 2728 cx
1259 2694 1397 2738 legibus
1425 2702 1513 2735 quas

71 2745 116 2780 de
133 2746 216 2780 cleri
235 2752 270 2780 et
301 2747 515 2787 regularium
547 2748 708 2781 moribus
735 2749 847 2782 edidit
876 2758 955 2782 cum
986 2750 1051 2783 hac
1082 2749 1342 2792 inscriptione:
1368 2748 1512 2802 urz&-

76 2803 288 2850 -ὶῷὀοεη
307 2803 423 2847 Q
448 2812 556 2841 *1-3
583 2800 686 2847 ἱᾶσι-
713 2804 826 2842 Διὶ,
855 2805 985 2855 ἰὸσιοῑο
