1737 2950
753 173 1039 214 »218-

180 296 313 342 verba
349 297 498 342 statim
535 298 588 342 ab
624 298 752 343 initio
790 299 992 343 Homilz'ae
1027 297 1159 344 istius
1193 298 1273 344 tibi
1312 296 1611 344 occurrentia.

183 374 290 428 Quae
338 373 441 418 talia
489 380 593 419 sunt
636 373 683 435 (l)
731 391 738 419 :
788 394 810 415 «
838 375 1030 420 Litteras
1079 382 1177 420 tuas
1225 375 1404 435 accepi,
1457 374 1613 433 amice,

182 463 424 510 earumque
467 452 601 497 lectio
643 466 804 512 magno
851 466 920 497 me
963 451 1129 512 gaudio
1171 452 1344 504 affecit,
1399 465 1452 498 eo
1496 451 1616 512 quod

184 532 376 572 mentem
401 527 525 573 hisce
560 528 960 588 disquisitionibus
992 529 1285 588 applicueris.
1318 530 1426 585 Quae
1451 528 1569 574 enim
1596 542 1619 573 a

185 617 253 648 me
286 605 526 664 postulasti
562 606 705 666 gratis
741 606 904 652 dantur
938 612 982 652 et
1017 606 1159 667 gratis
1195 606 1493 666 accipiuntur.
1534 605 1618 662 Qui

183 681 258 726 illa
297 682 521 741 possidet,
563 683 600 728 si
644 684 813 742 petenti
859 683 1012 729 eadem
1058 683 1283 744 denegare
1326 683 1448 737 velit,
1488 682 1620 729 bonis

184 757 349 817 quibus
392 758 504 804 alios
547 759 720 804 fraudat
763 767 806 805 et
845 760 944 820 ipse
988 760 1254 820 privabitur,
1296 759 1506 820 quoniam
1543 758 1620 819 qui

185 836 381 896 gratuito
406 838 581 897 accepit
617 838 814 898 gratuito
851 838 1053 884 vicissim
1087 837 1268 899 elargiri
1294 837 1445 884 debet.
1476 838 1539 882 De
1564 836 1620 883 iis

186 913 335 973 itaque
382 928 482 974 quae
532 928 599 959 me
649 916 839 976 rogasti,
886 915 1138 969 carissime,
1185 929 1267 975 pro
1316 914 1478 976 exigua
1525 926 1621 959 mea

186 989 394 1036 facultate
426 991 507 1036 tibi
545 991 748 1038 scribere
773 992 947 1037 animus
974 997 1059 1037 est.
1091 991 1232 1037 Simul
1257 1005 1365 1037 vero
1390 990 1492 1044 alia,
1522 1003 1621 1050 quae

186 1081 208 1112 a
236 1081 304 1113 me
342 1081 428 1113 non
467 1068 737 1128 quaesivisti‚
768 1069 846 1114 Dei
884 1068 1049 1114 auxilio
1086 1068 1310 1120 invocato,
1352 1072 1395 1114 te
1430 1067 1622 1113 edocere

187 1158 409 1203 propono.
442 1144 556 1190 Audi
584 1145 740 1206 igitur,
769 1145 934 1196 amice;
965 1145 1169 1190 internos
1195 1144 1349 1191 cordis
1375 1144 1439 1190 tui
1465 1144 1622 1189 oculos

187 1221 295 1266 mihi
323 1235 490 1275 resera,
522 1221 610 1267 vim
636 1222 915 1283 spiritualem
955 1222 1118 1268 mentis
1152 1228 1239 1267 tuae
1264 1221 1317 1266 ad
1341 1235 1391 1267 ea
1416 1234 1516 1281 quae
1541 1220 1621 1266 tibi

186 1297 409 1357 proferam
453 1299 742 1359 intelligenda
786 1299 964 1345 adhibe.
1007 1327 1068 1332 —-
1109 1298 1244 1344 Fides
1288 1297 1441 1343 multis
1484 1296 1620 1342 rebus

187 1382 380 1428 constat,
410 1377 618 1435 plurimis
657 1383 896 1422 exornatur
933 1375 1180 1421 coloribus.
1211 1374 1419 1420 AEdificio
1456 1373 1624 1434 quippe

187 1451 350 1497 similis
377 1458 461 1506 est,
490 1453 628 1513 quod,
659 1452 795 1498 variis
830 1457 1139 1498 constructum
1177 1451 1395 1505 materiis,
1424 1450 1478 1496 ad
1504 1449 1624 1496 fasti-

187 1529 310 1588 gium
337 1544 481 1590 usque
508 1529 794 1590 exsurgit...
832 1548 853 1570 »

254 1606 464 1652 Eamdem
494 1607 737 1652 illationem
776 1606 959 1651 omnino
998 1605 1188 1650 suadent
1214 1618 1314 1663 quae
1339 1618 1363 1650 a
1389 1604 1476 1649 fine
1503 1603 1624 1649 illius

188 1685 389 1730 Homz'lioe
414 1683 467 1729 de
495 1683 598 1728 fidei
626 1688 780 1728 natura
806 1687 848 1728 et
873 1680 1230 1741 proprietatibus
1268 1680 1324 1725 ita
1362 1693 1623 1740 proponun-

189 1767 261 1806 tur
281 1758 328 1821 (ἠ)
353 1777 359 1804 ;
387 1779 408 1801 α
438 1761 543 1805 Haec
567 1768 636 1805 est
660 1766 810 1805 autem
833 1758 964 1811 fides,
989 1764 1037 1803 ut
1056 1757 1210 1803 credat
1235 1758 1368 1803 homo
1395 1756 1440 1802 in
1463 1757 1621 1810 Deum,

190 1851 337 1883 rerum
365 1837 675 1883 universarum
703 1836 961 1888 Dominum,
990 1835 1066 1895 qui
1101 1835 1207 1880 fecit
1231 1834 1411 1888 coelum,
1440 1839 1621 1886 terram,

191 1915 327 1959 maria
352 1920 396 1960 et
423 1915 571 1959 omnia
596 1928 696 1974 quae
735 1914 777 1957 in
815 1913 882 1959 eis
919 1919 1041 1966 sunt,
1071 1911 1146 1972 qui
1174 1911 1391 1957 Adamum
1427 1909 1481 1956 ad
1518 1909 1626 1954 ima—

190 1992 341 2051 ginem
369 2005 493 2037 suam
521 1991 666 2043 finxit,
698 1990 774 2050 qui
801 1990 947 2050 legem
985 1989 1128 2050 Moysi
1154 1988 1296 2040 dedit,
1326 1987 1403 2048 qui
1428 1985 1625 2047 prophe-

191 2074 258 2113 tas
285 2067 482 2113 reddidit
511 2067 707 2126 Spiritus
744 2067 813 2112 sui
850 2066 1097 2125 participes
1134 2075 1177 2110 et
1208 2064 1372 2110 deinde
1398 2063 1625 2109 Christum

192 2159 321 2191 suum
351 2145 393 2189 in
420 2145 632 2189 mundum
665 2143 801 2189 misit.
833 2142 899 2187 Ad
927 2157 1021 2188 eam
1060 2142 1168 2187 illud
1202 2155 1384 2201 quoque
1409 2138 1622 2200 pertinet,

191 2221 311 2281 quod
338 2221 573 2267 credamus
611 2219 991 2265 resurrectionem
1029 2225 1306 2264 mortuorum
1340 2223 1384 2262 et
1408 2214 1627 2275 Baptismi

193 2299 545 2344 Sacramentum.
588 2297 795 2356 Requirit
829 2297 1015 2355 insuper
1051 2295 1163 2341 fides
1198 2294 1417 2340 Ecclesiae
1458 2292 1539 2338 Dei
1581 2297 1629 2338 ut

193 2376 386 2436 quisque
411 2374 635 2420 abstineat
671 2373 724 2418 ab
761 2372 1078 2418 observatione
1115 2378 1386 2430 temporum,
1418 2369 1626 2415 sabbato-

195 2467 308 2505 rum,
340 2450 673 2498 neomeniarum
712 2456 756 2495 et
791 2463 1036 2494 annuarum
1074 2447 1426 2501 solemnitatum,
1455 2460 1479 2491 a
1513 2445 1627 2491 divi-

239 2629 286 2665 (t)
312 2626 475 2667 Wrigbt,
495 2635 572 2668 pag.
602 2631 621 2652 ε
656 2643 662 2649 -

239 2705 284 2735 ιὲι
313 2704 444 2743 Wriglit
467 2729 474 2740 ,
497 2713 550 2743 1¹5).
581 2707 686 2732 ..Ω-,ὓ
713 2706 745 2734 ot
770 2708 871 2753 -Ἑὲ
903 2717 909 2724 ·

1734 406 1737 431 .„
1728 372 1737 392 .·.
1731 336 1737 362 .-.
1727 175 1737 324 num-A*-
