1737 2950
677 210 727 214 -
786 185 859 226 291
932 209 965 212 --

117 313 222 358 linis
264 311 417 358 mundi
459 311 619 372 quavis
658 317 789 356 aetate
833 310 946 354 intra
990 309 1209 354 Ecclesiae
1260 310 1373 354 fines
1415 309 1555 354 libere

114 389 326 451 agitatam
357 388 518 442 fuisse,
558 402 704 449 neque
740 386 931 448 proinde
967 386 1258 433 concordiam
1296 385 1340 431 in
1376 400 1426 432 ea
1461 386 1552 432 soi-

116 467 259 513 venda
283 467 375 514 ullo
403 466 555 521 modo,
585 481 638 513 ex
674 464 903 512 communi
942 463 1183 517 sententia,
1212 463 1267 510 ad
1302 463 1403 509 fidei
1440 464 1552 510 inte-

114 544 323 605 gritatem
372 544 618 604 pertinere.
674 543 816 602 Hujus
866 543 906 587 in
957 541 1186 602 opinando
1235 541 1457 587 libertatis
1511 547 1556 587 et

114 621 434 682 discrepantiae
467 621 587 667 aliud
624 621 704 666 tibi
741 620 995 680 exemplum
1032 617 1326 678 suppeditant
1364 632 1464 679 quae
1498 618 1555 665 dc

115 699 161 746 S.
204 699 448 753 Norberto‚
492 699 587 745 viro
629 698 883 759 apostolico
926 703 970 743 et
1011 696 1186 742 ordinis
1231 696 1555 742 Praemonstra-

113 777 259 823 tensis
307 776 571 828 fundatore,
624 775 786 822 scribit
833 775 1040 820 oculatus
1089 779 1132 819 ct
1179 772 1352 819 auritus
1401 773 1550 827 testis,

114 854 161 900 S.
192 854 451 900 Bcrnardus
476 852 524 914 (i)
555 870 562 898 :
595 873 616 895 «
644 853 773 910 Quod
809 867 833 898 a
870 866 940 898 me
976 851 1030 897 dc
1064 852 1114 896 D.
1146 850 1370 897 Norberto
1395 851 1552 897 scisci·

112 931 286 986 tamini,
310 931 349 978 si
369 931 583 977 videlicet
609 931 753 977 iturus
773 930 833 976 sit
855 929 1233 988 Hierosolymam,
1264 942 1350 989 ego
1378 929 1551 975 nescio.

115 1008 224 1054 Nam
250 1022 351 1055 cum
378 1014 480 1054 ante
508 1008 591 1054 lios
617 1022 788 1068 paucos
814 1007 913 1053 dies
938 1006 1035 1066 ejus
1062 1005 1219 1052 facicm
1247 1006 1401 1053 videre
1432 1006 1554 1053 etde

112 1086 290 1132 coelesti
334 1086 500 1137 fistula.
545 1100 623 1132 ore
667 1085 880 1132 videlicet
921 1085 1093 1145 ipsius,
1138 1083 1330 1143 plurima
1373 1084 1553 1131 haurire

113 1163 380 1215 meruerim,
420 1164 504 1209 hoc
536 1169 682 1209 tamen
720 1163 774 1208 ab
810 1163 910 1222 ipso
954 1175 1042 1207 non
1084 1160 1250 1207 audivi.
1291 1161 1453 1207 Verum
1499 1161 1554 1208 de

111 1242 394 1288 Antichristo
442 1255 543 1287 cum
595 1241 868 1302 inquirerem
918 1239 1026 1300 quid
1076 1238 1300 1290 sentiret,
1364 1239 1553 1285 durante

111 1319 259 1366 adhuc
291 1333 342 1366 ea
376 1334 476 1380 quac
514 1334 631 1365 nunc
667 1325 738 1365 est
772 1318 1066 1379 generatione
1103 1316 1390 1363 revelandum
1428 1317 1551 1363 illum

112 1411 215 1444 esse
241 1397 499 1443 certissime
536 1411 586 1443 se
623 1397 743 1442 scire
779 1402 1058 1456 protestatus
1096 1399 1181 1440 est.
1211 1393 1267 1439 At
1304 1408 1404 1439 cum
1436 1409 1552 1440 eam-

111 1473 214 1520 dem
248 1474 566 1520 certitudinem
602 1473 720 1519 unde
757 1473 942 1518 haberet
975 1471 1228 1518 sciscitanti
1267 1471 1374 1516 mihi
1414 1485 1552 1531 expo-

112 1566 219 1599 nerc
253 1553 405 1607 vellet,
445 1552 598 1599 audito
633 1552 754 1612 quod
791 1549 1047 1612 respondit,
1078 1564 1168 1595 non
1205 1563 1273 1595 me
1311 1549 1428 1595 istud
1467 1564 1551 1610 pro

111 1635 237 1676 certo
271 1630 460 1676 credere
501 1630 668 1676 debere
702 1629 870 1690 putavi.
910 1627 975 1673 Ad
1013 1640 1231 1674 summam
1277 1632 1421 1673 tamen
1466 1627 1552 1672 hoc

109 1707 323 1759 asseruit,
368 1721 455 1753 non
498 1707 699 1753 visurum
747 1720 796 1752 se
845 1710 1053 1757 mortem,
1101 1703 1187 1749 nisi
1232 1703 1358 1762 prius
1406 1703 1554 1749 videat

109 1784 367 1843 generalem
394 1784 438 1829 in
466 1784 670 1830 Ecclesia
695 1782 1078 1842 persecutionem.
1116 1799 1137 1820 n

178 1860 427 1907 Posteriori
453 1860 600 1906 adhuc
627 1865 849 1919 tempore,
880 1857 1105 1904 sententia
1130 1870 1230 1916 quae
1256 1870 1336 1902 sex
1362 1856 1549 1902 millium

109 1951 328 1983 annorum
376 1937 662 1983 existentiam
714 1935 880 1981 mundo
924 1934 1153 1994 assignat,
1208 1933 1355 1978 minus
1402 1940 1549 1979 tamen

109 2013 296 2060 definite
329 2021 531 2074 accepta,
570 2028 681 2060 suos
720 2021 847 2060 nacta
882 2019 969 2064 est,
1011 2012 1053 2056 in
1092 2017 1214 2056 tanto
1250 2011 1548 2071 interpretum

110 2105 315 2141 numero,
361 2092 562 2137 fautores
604 2098 648 2137 ct
688 2091 973 2137 defensores.
1017 2089 1217 2145 Quorum
1266 2089 1367 2134 loco
1411 2103 1547 2134 unum

107 2169 346 2229 appellabo
374 2168 631 2215 Cornelium
660 2183 683 2213 a
711 2168 897 2228 Lapide,
924 2167 1000 2228 qui
1026 2166 1122 2212 haec
1147 2165 1200 2211 ad
1228 2179 1321 2211 rem
1348 2173 1547 2211 nostram

109 2246 361 2306 spectantia
394 2246 526 2292 habet
555 2246 603 2307 (2)
638 2262 645 2291 :
686 2265 707 2286 «
746 2246 852 2291 Haec
883 2244 1127 2297 sententia,
1165 2256 1253 2289 non
1288 2242 1548 2288 definiendo

107 2329 280 2370 certum
314 2323 433 2370 diem
468 2336 551 2369 nec
582 2337 762 2377 annum,
797 2322 861 2369 uti
892 2320 1166 2374 communis,
1206 2320 1265 2366 ita
1294 2320 1547 2380 probabilis

108 2407 178 2446 est
219 2401 479 2460 conjectura
524 2417 532 2446 :
581 2400 691 2446 nihil
733 2400 853 2446 enim
895 2399 1007 2446 certi
1052 2399 1132 2445 hac
1180 2397 1224 2442 in
1267 2410 1315 2443 re
1357 2396 1547 2443 definire

110 2491 371 2536 possumus,
402 2484 557 2538 utpote
584 2492 684 2537 quae
710 2477 878 2537 pendet
903 2493 925 2522 a
952 2482 1131 2522 secreto
1159 2475 1238 2520 Dei
1263 2475 1466 2528 decreto,
1492 2487 1548 2519 ne

154 2663 199 2700 (t)
226 2660 382 2700 Epistola
403 2659 496 2693 LVI.

154 2718 201 2754 κζ’.)
227 2715 267 2747 In
290 2716 485 2756 Apamam).
508 2715 572 2753 XX,
589 2717 619 2747 5.
