1737 2950
726 192 1024 235 ...322—

161 321 394 380 diligebam
428 320 639 378 potestati
675 321 954 365 inimicorum
994 317 1090 380 ejus
1127 319 1312 365 tradidi.
1354 319 1461 365 Loco
1495 320 1596 378 ejus

162 400 258 444 avis
290 398 478 444 discolor
511 395 636 457 faeta
668 404 733 442 est
769 397 880 441 mihi
917 396 1172 441 lzoereditas.
1214 395 1355 442 Porro
1391 395 1476 442 hoc
1511 409 1593 442 no-

163 475 281 520 mine
316 473 580 533 designatur
614 472 817 518 Ecclesia
843 487 942 532 quae
979 486 1030 519 ex
1067 472 1278 532 gentibus
1305 478 1348 518 et
1384 471 1594 519 omnibus

163 551 330 613 linguis
357 551 545 597 collecta
571 557 657 597 est.
689 551 754 596 Ne
787 563 893 596 vero
932 549 1141 611 ignorare
1178 549 1331 609 possis
1362 549 1546 596 Judaeos
1571 563 1596 595 3

164 631 257 676 1)00
291 642 395 675 vere
429 628 674 674 derelictos
712 641 830 681 esse,
859 627 961 673 audi
996 634 1038 674 et
1070 627 1227 674 Isaiam
1254 626 1478 673 dicentem
1502 625 1551 689 (1)
1580 642 1589 671 :

164 707 381 764 Populum
430 713 583 759 tuum,
634 705 780 749 Jacobz·
821 711 1041 762 posteros,
1094 703 1346 749 deseruisti.
1400 702 1596 749 Eosdem

165 788 310 828 autem
337 782 510 827 vocavit
535 781 782 841 (Dominus)
822 780 1077 827 Sodomitas
1102 785 1146 826 et
1170 780 1385 840 populum
1411 779 1600 826 Gomor-

164 858 282 913 rhae,
328 865 460 918 atque
503 872 584 918 pro
626 857 692 904 eis
736 857 986 903 introduxit
1026 863 1213 918 gentes,
1261 870 1373 916 quas
1415 855 1597 902 domum

162 935 317 984 Jacobi
365 935 619 996 appellavit.
665 934 784 980 Dixit
832 935 949 981 enim
999 934 1154 988 Isaias‚
1206 939 1366 994 gentes
1413 932 1594 978 nomine

163 1013 324 1059 domus
365 1012 519 1058 Jacobi
563 1013 839 1072 compellans
878 1011 926 1074 (2)
964 1028 973 1056 :
1013 1013 1176 1058 Domus
1210 1012 1381 1065 Jacobi,
1419 1011 1590 1065 venite,-

162 1091 489 1136 ambulabimus
526 1091 572 1134 in
608 1090 775 1134 lumine
807 1090 1000 1134 Domini.
1035 1089 1283 1134 Derelietus
1309 1089 1429 1132 enim
1461 1088 1515 1132 ab
1548 1100 1596 1132 eo

158 1167 349 1225 populus
384 1166 538 1211 dovnzts
574 1166 724 1210 Jacobi
753 1172 795 1210 et
827 1163 978 1224 factus
1008 1172 1071 1210 est
1105 1165 1294 1222 populas
1327 1163 1592 1215 Gomorrhae,

161 1245 235 1288 eui
262 1250 466 1301 praesunt
493 1243 719 1300 principes
753 1242 962 1295 Sodomae,
991 1242 1121 1299 cujits
1148 1247 1281 1299 pater
1309 1240 1596 1285 Amorrlzoeus

161 1327 202 1365 et
236 1327 380 1364 mater
417 1319 613 1371 Cetlioea3
657 1326 860 1363 mutatus
892 1325 957 1363 est
990 1325 1031 1363 et
1067 1331 1304 1363 conversus
1340 1318 1388 1361 in
1421 1317 1598 1362 vineam

161 1407 442 1449 extraneam,
472 1394 602 1456 eujus
635 1410 731 1440 uvae
764 1402 805 1440 et
836 1396 948 1440 botri
981 1395 1304 1440 amaritudinis
1324 1394 1447 1452 pleni
1471 1411 1482 1438 .·
1509 1393 1598 1450 lilii

161 1474 369 1526 rebelles,
415 1479 650 1531 argentum
691 1471 928 1533 abjectam,
976 1473 1082 1517 vitis
1123 1471 1317 1516 Sodomae
1358 1477 1401 1516 et
1435 1471 1596 1528 planta

163 1550 438 1602 Gomorrhoe,
476 1550 605 1593 vinea
636 1563 735 1607 quoe
767 1549 959 1606 siliquas
987 1562 1069 1606 pro
1106 1550 1206 1593 uvis
1236 1547 1451 1606 protulit,
1491 1547 1597 1592 vitis

161 1623 290 1685 cajus
323 1639 470 1670 ramos
502 1627 618 1683 iynis
651 1627 945 1682 consumpsit,
989 1627 1056 1670 ita
1089 1632 1140 1669 ut
1173 1625 1294 1669 nulli
1331 1625 1438 1668 usui
1468 1624 1598 1669 utilis

162 1702 230 1746 vel
254 1702 509 1746 necessaria
534 1714 627 1745 esse
648 1702 807 1758 possit.
833 1701 929 1746 Duo
956 1699 1113 1759 populi
1139 1699 1212 1744 hic
1237 1699 1418 1745 nomine
1441 1698 1597 1744 Jacobi

162 1777 386 1839 designati
414 1785 534 1832 sunt,
565 1793 755 1838 quorum
791 1779 903 1824 alter
938 1779 981 1823 in
1015 1778 1182 1823 lumine
1208 1777 1385 1823 Domini
1411 1776 1595 1830 incedit,

161 1855 273 1900 alter
320 1855 566 1900 derelictus
613 1861 697 1901 est.
752 1855 916 1908 Priori,
970 1853 1147 1900 sublato
1193 1853 1349 1899 Jacobi
1398 1852 1595 1910 nomine,

162 1931 372 1990 imposita
409 1937 479 1976 est
511 1931 751 1991 appellatio
789 1931 1046 1991 principum
1082 1929 1314 1982 Sodomae;
1355 1928 1464 1974 illud
1491 1943 1596 1975 vero

164 2021 327 2053 nomen
371 2007 554 2053 retinuit
597 2008 792 2067 populus
833 2021 885 2053 ex
928 2006 1142 2066 gentibus
1185 2006 1421 2052 collectus.
1467 2004 1595 2051 Alius

162 2083 292 2128 etiam
342 2083 559 2142 propheta
604 2084 871 2129 vaticinatus
920 2089 988 2129 est
1038 2083 1133 2128 sore
1176 2088 1224 2127 ut
1270 2088 1449 2141 gentes,
1496 2081 1596 2127 loco

162 2159 318 2217 populi
345 2159 493 2212 electi,
524 2159 728 2205 victimas
763 2159 994 2205 offerrent.
1024 2158 1099 2204 Ait
1124 2157 1242 2204 enim
1267 2154 1316 2218 (3)
1345 2173 1353 2202 :
1383 2159 1596 2216 Magnum

163 2242 226 2279 est
253 2248 407 2279 nomen
433 2248 576 2279 meum
602 2236 650 2279 in
673 2237 895 2294 gentibus,
923 2243 965 2281 et
990 2237 1037 2279 in
1061 2236 1179 2280 omni
1211 2235 1300 2278 loeo
1325 2233 1598 2278 adhibentur

164 2314 331 2357 nomini
364 2326 454 2357 meo
488 2313 725 2358 oblationes
765 2313 959 2359 mundae.
1000 2313 1062 2358 De
1105 2311 1272 2358 lsraele
1311 2317 1457 2356 autem
1501 2311 1596 2356 haec

165 2388 470 2447 pronuntiavit
501 2389 718 2435 Jeremias
757 2389 803 2450 (4)
845 2406 852 2434 :
895 2390 1144 2435 Oblationes
1175 2395 1335 2434 vestroe
1363 2389 1475 2432 mihi
1510 2401 1597 2433 non

209 2539 255 2576 (¹)
282 2537 360 2570 lsai.
385 2538 426 2579 ll,
445 2538 477 2570 6.

210 2591 256 2630 (2)
284 2591 362 2624 lsai.
386 2593 427 2632 ΙΙ,
445 2594 477 2632 5,
497 2593 536 2632 6;
555 2591 598 2625 ct.
619 2592 723 2625 etiam
753 2593 782 2631 l,
810 2593 862 2632 ¹0,
881 2593 919 2631 V,
948 2593 979 2633 ἦ,
1006 2597 1041 2626 et
1067 2593 1160 2631 ΧΧΧ,
1186 2593 1225 2632 1;
1253 2590 1293 2626 it.
1325 2591 1445 2625 Ezech.
1476 2592 1558 2630 xvi,
1577 2591 1599 2624 5

167 2647 473 2686 x1x‚12‘;serem.
497 2648 538 2689 ΙΙ,
557 2648 612 2688 21,
630 2648 686 2688 Vl,
702 2648 765 2687 503
785 2647 975 2682 Deuteron.
995 2649 1123 2689 xxxii,
1142 2649 1196 2682 52.

211 2702 258 2741 (3)
284 2701 427 2734 Malach.
450 2701 476 2739 Ι.
498 2703 549 2735 Η.

209 2756 256 2794 (4)
281 2755 411 2788 Jerem.
432 2757 487 2797 Vl,
504 2756 560 2789 20.
