1737 2950
677 113 973 156 —201—

169 241 309 298 Quam
336 246 504 288 temere
530 255 580 287 ac
606 255 844 302 perperam
870 240 1008 286 multa
1047 240 1088 286 in
1129 240 1256 286 hisce
1289 240 1548 288 effutiantur

101 318 219 365 haud
260 317 430 365 difficili
477 318 662 380 negotio
705 317 885 365 ostendi
937 323 1106 379 potest.
1154 317 1220 363 Ad
1266 317 1547 365 Gennadium

101 396 223 459 quod
246 396 423 452 attinet,
453 410 590 458 supra
621 396 817 444 vidimus
843 395 941 457 ejus
973 396 1288 443 auctoritatem
1321 411 1411 443 non
1438 397 1548 444 tanti

100 475 351 522 faciendam
399 488 522 530 esse,
567 481 615 522 ut
663 475 767 522 huic
809 475 1072 522 necessario
1116 480 1235 522 stare
1281 475 1543 523 debeamus.

102 552 323 600 Caeterum
366 551 693 614 inscriptiones
732 554 1030 600 Homiliarum
1073 552 1127 599 ab
1166 567 1220 599 eo
1265 552 1308 598 in
1352 553 1547 600 medium

100 631 289 692 prolatae
338 644 543 692 magnam
592 636 763 691 partem
814 629 1000 677 nimium
1056 630 1307 684 universae,
1370 637 1549 692 tamque

101 709 323 756 intricatae
349 715 471 764 sunt,
503 715 546 755 ut
573 710 827 756 Sermonem
851 709 907 756 de
932 723 1023 770 quo
1060 709 1371 756 controversia
1397 723 1547 756 move·

101 793 175 835 tur
218 787 335 848 apud
385 801 485 834 eum
535 788 878 834 commemorari
922 802 1068 849 neque
1111 787 1355 842 affirmare,
1402 802 1548 849 neque

102 881 268 928 negare
294 866 443 914 liceat.
476 867 560 923 Qui
588 868 706 914 enim
746 867 801 914 de
841 868 911 914 his
949 867 1136 929 scriptis
1168 882 1219 915 ea
1246 874 1414 914 tantum
1441 883 1545 928 pos-

101 945 212 992 teris
243 944 430 991 tradidit
466 959 566 1006 quae
603 959 656 992 ex
693 945 881 992 aliorum
918 946 1137 993 relatione
1174 952 1428 1007 acceperat,
1471 946 1548 1007 qui

100 1022 259 1069 titulos
309 1022 478 1083 passim
529 1024 758 1084 corrupit,
809 1023 885 1084 qui
935 1023 1066 1070 etiam
1116 1038 1253 1070 unum
1301 1025 1549 1071 alterumve

101 1101 373 1154 Sermonem,
420 1101 549 1161 quasi
594 1101 635 1145 in
684 1101 800 1147 duos
834 1101 1048 1156 divisum,
1090 1101 1160 1147 his
1198 1103 1429 1148 recensuit
1472 1100 1543 1164 (ι);

102 1191 251 1224 nonne
278 1178 424 1238 potuit
449 1184 492 1224 et
519 1177 649 1238 hujus
673 1180 876 1225 Homilz'oe
897 1178 1242 1239 inscriptionem
1262 1180 1332 1226 vel
1359 1186 1546 1233 mutare,

99 1254 170 1300 vel
212 1254 285 1300 alii
329 1254 593 1316 adjungere,
641 1262 688 1301 ut
729 1256 1209 1317 comprehenderetur.
1258 1271 1298 1303 e.
1345 1272 1414 1318 g,
1468 1258 1547 1304 hac

102 1334 421 1396 designatione
452 1351 460 1381 ε
494 1338 553 1381 De
578 1337 814 1382 dilectione
846 1338 1032 1395 speciali
1057 1351 1163 1396 erqa
1184 1339 1445 1396 proximum
1471 1337 1548 1397 (ΕΓ.)

170 1414 201 1458 Ε
228 1413 383 1459 verbis
409 1413 574 1460 deinde
611 1429 712 1475 quae
739 1415 890 1460 scriba
925 1429 1176 1476 anonymus
1214 1416 1354 1462 textui
1391 1415 1548 1461 Arme-

102 1492 231 1537 niaco
263 1492 468 1538 Homilz'oe
502 1491 725 1552 praemisit
764 1492 887 1538 nullo
925 1493 1060 1539 modo
1098 1493 1321 1554 sequitur,
1363 1493 1548 1539 dubium

102 1582 202 1615 euni
233 1568 374 1615 fuisse
400 1574 548 1614 utrum
587 1583 609 1615 a
639 1569 828 1623 Jacobo,
859 1584 911 1615 an
951 1570 1005 1615 ab
1043 1570 1131 1617 alio
1170 1570 1229 1616 sit
1266 1571 1544 1632 conscripta.

102 1648 167 1693 Ita
193 1647 362 1708 quippe
391 1647 604 1693 librarius
632 1648 706 1693 ille
732 1647 780 1710 (3)
813 1665 820 1693 :
855 1667 876 1690 «
902 1649 1109 1695 Prudens
1137 1650 1300 1695 lector!
1344 1649 1549 1709 quamvis

102 1725 175 1771 hic
216 1727 366 1771 Sermo
401 1724 477 1785 qui
518 1726 724 1785 sequitur
762 1740 851 1772 non
889 1726 949 1772 sit
983 1726 1184 1786 scriptus
1219 1727 1272 1772 ad
1309 1729 1548 1773 Illumina-

102 1811 240 1850 torem
269 1809 492 1856 nostrum,
524 1809 669 1849 tamen
709 1804 813 1864 quia
850 1810 915 1850 est
952 1806 1102 1850 Sermo
1140 1806 1288 1866 magni
1327 1805 1427 1858 viri,
1460 1820 1548 1850 non

101 1881 277 1927 aestimo
303 1894 407 1926 esse
437 1881 610 1935 inutile,
642 1882 679 1927 si
718 1881 1019 1942 subjungatur
1055 1889 1160 1942 post
1190 1884 1413 1941 Epistolas
1438 1897 1550 1943 quas

101 1958 155 2004 ad
201 1958 585 2019 interrogationes
630 1959 675 2003 S.
726 1958 1050 2005 Illuminatoris
1093 1960 1238 2006 nostri
1287 1961 1546 2021 rescripsit,

102 2050 239 2096 quum
268 2035 405 2081 multa
431 2035 483 2080 ad
511 2034 858 2081 {edificationem
886 2042 1085 2082 nostram
1114 2036 1157 2081 in
1185 2050 1233 2083 se
1260 2037 1547 2084 contineat.»

103 2113 220 2170 Quid
249 2119 383 2174 negat
421 2113 581 2159 horum
619 2113 862 2160 vorborum
899 2120 1057 2160 auctor
1093 2115 1149 2160 de
1186 2117 1377 2161 Homilz'a
1416 2131 1547 2177 quam

101 2205 195 2252 prae
224 2191 370 2237 oculis
397 2191 558 2237 habet?
586 2191 809 2250 Scriptam
833 2205 927 2237 eam
950 2206 1054 2238 esse
1074 2207 1096 2238 a
1114 2193 1284 2239 jacobo
1306 2193 1550 2240 Nisibeno?

101 2270 158 2316 At
184 2269 363 2315 ubinam
391 2268 524 2327 hujus
551 2269 806 2329 negationis
832 2270 902 2315 vel
927 2271 1023 2316 leve
1051 2271 1292 2331 vestigium
1319 2273 1550 2332 reperies?

102 2348 249 2394 Unum
275 2346 485 2393 nimirum
508 2347 740 2398 infitiatur,
763 2349 1007 2406 Epistolam
1036 2349 1166 2394 istam
1193 2349 1247 2395 ad
1276 2348 1548 2410 Gregorium

144 2518 192 2557 (1)
219 2515 386 2558 Exempla
405 2515 682 2558 suppeditantur
699 2524 821 2559 supra,
842 2526 876 2559 p.
900 2518 971 2551 150.

146 2575 193 2614 (Ξ)
218 2576 304 2606 Cum
322 2573 481 2606 Romilia
502 2572 668 2606 universa
695 2577 858 2608 versetur
883 2573 918 2607 in
944 2573 1118 2608 charitate
1146 2578 1269 2608 mutua
1297 2579 1332 2608 et
1356 2574 1548 2609 eoncordia

103 2629 329 2668 inculcanda,
347 2629 392 2661 de
407 2628 601 2663 dilectione
619 2629 771 2670 proximi
789 2629 997 2673 expressius
1027 2630 1144 2673 agitur
1170 2629 1321 2672 passim,
1341 2639 1371 2664 e.
1391 2631 1474 2673 g.,§
1496 2632 1546 2664 10.

147 2689 194 2727 (5)
220 2690 282 2728 Ap.
303 2687 450 2726 Anton.‚
468 2695 524 2725 op.
545 2687 618 2726 cit,
639 2696 670 2728 p.
688 2686 766 2721 420.
