1737 2950
678 104 970 147 ..109-

113 227 312 274 reducat.
345 228 534 285 Quidam
574 234 719 275 autem
747 243 799 275 cx
825 229 948 275 nobis
973 228 1215 274 vincuntur
1224 267 1321 275 .....
1355 250 1376 271 »
1405 230 1549 286 Quum

114 305 253 368 igitur
277 305 350 350 alii
378 319 466 351 non
494 306 585 352 sint
612 306 686 352 isti
716 306 882 352 milites
908 320 987 352 seu
1020 306 1262 353 bellatores
1289 306 1550 366 spirituales

113 383 167 430 ab
212 384 266 429 iis
315 402 336 424 «
361 383 456 444 qui,
503 390 667 430 statum
711 384 1008 431 monasticum
1050 385 1264 444 amplexi,
1310 399 1412 431 sese
1457 386 1550 431 Deo

114 462 372 523 obligarunt
396 468 529 523 atque
553 470 893 516 consecrarunt,
922 482 943 505 »
982 464 1026 509 in
1063 463 1222 509 horum
1259 477 1445 510 censum
1472 464 1551 509 Sa-

114 539 311 600 pientem
339 540 522 585 Persam
550 540 719 587 referas
746 554 935 587 necesse
961 550 1046 587 est.

182 616 269 663 Sed
296 616 391 663 haec
413 630 463 663 ea
488 617 544 663 de
567 632 614 663 re
641 618 752 665 satis
777 618 885 664 sint.

182 694 331 750 Quaeri
359 700 503 741 tamen
532 694 677 741 adhuc
714 695 768 740 ab
803 695 955 756 aliquo
981 702 1155 755 posset,
1186 709 1285 741 cum
1327 709 1380 742 ex
1420 710 1553 757 argu-

119 771 283 817 mentis
340 771 603 818 intrinsecis
657 778 837 819 constet
882 779 1111 819 auctorem
1161 779 1393 829 nostrum,
1447 773 1554 820 dum

117 850 340 908 Epistulas
364 850 604 903 scriberet,
634 850 905 896 coenobitam
943 850 1102 904 fuisse,
1132 851 1250 897 unde
1288 858 1332 897 et
1368 854 1446 911 qui
1483 851 1558 897 fiat

120 933 183 979 ut,
224 926 280 973 de
316 927 473 972 codem
513 933 715 987 tempore
751 934 956 988 agentes,
993 928 1032 974 ei
1070 929 1356 989 episcopales
1394 929 1557 974 infulas

120 1018 326 1051 asserere
367 1006 517 1052 conati
562 1006 722 1052 simus.
776 1006 1148 1066 Respondemus,
1194 1007 1269 1052 illa
1309 1006 1400 1053 duo
1447 1007 1558 1052 adeo

121 1082 238 1129 inter
263 1097 312 1130 se
338 1097 425 1130 non
466 1098 686 1145 pugnare,
717 1090 764 1131 ut
799 1090 955 1131 contra
992 1084 1110 1130 facili
1147 1090 1280 1145 atque
1317 1084 1448 1131 obvia
1484 1100 1559 1132 ex·

122 1161 365 1221 plicatione
390 1161 518 1221 prius
544 1176 645 1207 cum
673 1162 814 1208 altero
838 1161 1049 1222 componi
1076 1168 1226 1222 queat.
1253 1162 1421 1209 Omnes
1442 1163 1559 1209 enim

123 1244 288 1285 norunt
308 1238 398 1298 jam
425 1239 585 1299 primis
623 1245 727 1300 post
764 1240 1032 1300 religionem
1069 1240 1358 1286 christianam
1396 1255 1558 1301 propa—

123 1322 270 1378 galam
318 1317 499 1363 saeeulis
547 1317 792 1363 monachos
839 1317 891 1363 ad
943 1318 1254 1378 episcopatum
1303 1318 1563 1378 frequenter

122 1400 358 1456 promotos
384 1409 513 1449 esse;
544 1396 619 1456 qui
659 1410 756 1443 mos
795 1396 870 1451 ita,
901 1402 1104 1457 tempore
1140 1396 1481 1459 progrediente,
1519 1398 1562 1443 in

123 1472 316 1519 ecclesia
342 1472 549 1519 orientali
577 1473 778 1528 invaluit,
809 1480 875 1531 ut,
905 1475 1158 1535 praesertim
1190 1474 1294 1521 inde
1320 1490 1342 1520 a
1369 1475 1564 1521 concilio

125 1550 354 1604 Trullano,
401 1564 518 1596 anno
563 1549 654 1596 6902
699 1551 875 1604 habito,
923 1553 1052 1612 pauci
1096 1552 1335 1598 admodum
1380 1552 1471 1598 sint
1512 1566 1564 1598 ex

125 1627 440 1674 sacerdotibus
478 1628 793 1683 saecularibus,
824 1628 898 1689 qui
942 1629 1166 1675 Praesules
1209 1629 1560 1676 constituantur.

127 1705 512 1762 Quemadmodum
538 1712 685 1753 autem
713 1707 789 1768 qui
816 1706 949 1754 hodie
975 1707 1071 1754 sive
1097 1707 1214 1768 apud
1242 1708 1442 1762 Graecos,
1471 1708 1566 1755 sive

126 1783 258 1828 etiam
285 1783 400 1843 apud
428 1783 630 1838 Latinos,
659 1798 681 1830 c
713 1784 923 1831 coenobio
961 1784 1013 1830 ad
1052 1785 1286 1831 dioecesim
1324 1785 1566 1846 regendam

127 1868 434 1915 assumuntur,
467 1877 553 1909 non
581 1862 762 1908 dicendi
800 1868 905 1909 sunt
941 1862 1178 1923 religionis
1205 1869 1306 1909 vota
1332 1878 1383 1910 ex
1409 1878 1566 1910 neces-

128 1939 259 1986 sitate
296 1939 506 1998 abjicere,
541 1940 627 1985 nisi
666 1946 887 2000 quatenus
924 1940 1074 1987 forsan
1114 1955 1267 1987 eorum
1306 1941 1567 2002 adimpletio

129 2017 302 2064 muneri
331 2031 446 2064 novo
474 2018 795 2079 susceptisque
832 2018 995 2065 officiis
1021 2019 1246 2066 contraria
1271 2019 1346 2073 sit,
1376 2019 1567 2080 ideoque

129 2095 311 2141 alteram
339 2095 403 2141 illi
429 2095 692 2157 dignitatem
720 2096 964 2157 accipiunt,
992 2097 1190 2158 priorem
1217 2112 1306 2144 non
1333 2098 1565 2151 amittunt;

131 2173 190 2218 ita
215 2172 445 2234 Aphraati,
476 2174 529 2220 ad
557 2174 863 2235 episcopalem
889 2183 1105 2236 provecto
1126 2176 1397 2229 cathedram,
1425 2176 1569 2223 adhuc

131 2250 373 2297 coenobitis
400 2265 449 2298 se
474 2266 783 2306 annumerare,
814 2253 989 2314 hosque
1027 2259 1074 2300 ut
1110 2255 1264 2301 socios
1290 2259 1422 2315 atque
1448 2268 1569 2300 com-

134 2327 362 2374 militones
382 2329 549 2389 alloqui
571 2329 715 2383 licuit,
731 2344 784 2376 eo
798 2331 865 2377 vel
880 2331 1025 2392 magis
1041 2331 1161 2392 quod
1183 2345 1421 2378 commune
1441 2330 1570 2391 quasi

134 2405 481 2452 contubernium
516 2420 617 2452 cum
645 2407 859 2454 fratribus
886 2423 1031 2469 usque
1065 2409 1320 2456 servavisse
1345 2408 1566 2455 videatur.

137 2484 247 2529 Eum
274 2498 464 2544 namque
492 2483 535 2529 in
563 2486 839 2532 monasterio
865 2486 912 2533 S.
943 2487 1138 2533 Matthaei
1177 2486 1332 2533 sedem
1358 2486 1573 2532 habuisse

138 2574 261 2606 suam
289 2566 497 2620 tanquam
522 2562 899 2609 verisimillimum
926 2578 1062 2623 supra
1088 2562 1136 2626 (tl
1162 2563 1446 2610 admisimus.

183 2715 230 2755 (ι)
255 2712 322 2747 cfr.
344 2722 376 2756 p.
397 2715 449 2747 79.
