1737 2950
820 189 1116 231 -223.-

245 318 490 366 sollicitum
527 330 630 362 sese
659 316 928 369 exhibuerit,
971 315 1077 360 item
1115 327 1195 359 cur
1225 313 1280 359 de
1316 313 1546 360 nonnullis
1571 313 1679 360 doc·

244 396 374 441 trinae
415 393 658 454 capitibus,
696 407 738 438 v.
779 406 825 452 g.
868 391 923 437 de
961 390 1197 436 divinitate
1234 389 1420 442 Christi,
1459 403 1512 436 eo
1549 390 1682 438 modo

243 472 469 532 loquatur,
505 483 638 530 quem
674 469 828 537 utique
871 467 1141 513 disserendo
1184 472 1342 513 contra
1379 465 1570 513 Arianos
1606 472 1682 513 aut

241 549 354 594 alios
397 547 598 594 veritatis
640 546 925 592 adversarios
975 559 1063 590 non
1110 544 1411 590 adhibuisset.
1458 544 1678 592 Caeterum

241 640 341 685 quae
380 625 553 686 profert
593 624 647 670 ad
692 638 784 669 reni
822 623 1121 683 dogmaticam
1167 621 1433 684 spectantia,
1474 622 1679 682 quamvis

242 716 328 748 non
374 702 432 747 ita
481 700 633 746 multis
682 699 861 760 paginis
910 698 1371 758 comprehendantur,
1424 712 1585 760 magno
1634 699 1677 744 in

239 780 386 840 pretio
427 778 630 824 habenda
668 791 770 823 csse
808 790 937 822 nemo
972 790 1137 837 negare
1163 782 1331 836 potest.
1363 777 1527 822 Notum
1554 777 1674 823 enim

238 862 308 902 est
333 862 377 901 et
402 855 445 900 in
482 854 740 914 disciplinis
775 853 1050 914 theologicis
1075 852 1311 899 axiomatis
1339 853 1498 908 instar,
1529 853 1675 914 scrip-

234 939 359 978 tores
385 932 742 984 ecclesiasticos,
772 931 845 976 ubi
873 930 928 976 de
962 929 1294 990 quaestionibus
1329 929 1383 975 ad
1416 928 1550 976 fidem
1574 944 1676 991 per-

236 1009 488 1056 tinentibus
537 1008 702 1069 agitur,
748 1021 801 1053 eo
845 1006 1000 1066 majori
1051 1007 1223 1066 pollere
1269 1007 1538 1054 auctoritate
1585 1021 1676 1068 quo

235 1086 425 1146 propius
464 1083 716 1131 ascendunt
749 1083 803 1129 ad
840 1090 1045 1143 tempora
1079 1082 1404 1144 Apostolorum
1451 1089 1495 1130 et
1530 1083 1673 1130 chris-

235 1165 369 1210 tianae
408 1163 647 1224 religionis
686 1162 812 1208 initia
848 1178 856 1208 z
896 1161 1074 1221 priores
1110 1161 1326 1207 videlicet
1365 1166 1496 1208 aetate
1532 1167 1675 1209 testes
1735 1198 1737 1203 .

233 1240 413 1286 caeteris
462 1239 733 1300 praeferendi
777 1238 877 1298 jure
925 1238 1221 1292 aestimantur,
1278 1238 1400 1299 quod
1447 1238 1675 1298 primaevae
1735 1278 1737 1284 ⁴

233 1318 494 1364 traditionis
527 1331 613 1364 vox
651 1317 705 1362 ad
743 1330 897 1363 eorum
936 1330 1067 1363 aures
1107 1317 1264 1376 purior
1289 1316 1546 1378 clariorque
1570 1331 1673 1378 per-
1735 1307 1737 1343 ³

233 1396 388 1442 venire
413 1395 636 1441 debuerit.
661 1395 869 1441 Jamvero
895 1394 933 1440 si
962 1394 1075 1440 hanc
1101 1393 1368 1440 consideres
1394 1393 1673 1454 antiquitatis
1732 1353 1737 1441 i

235 1480 403 1525 notam,
434 1472 584 1517 nullus
610 1477 697 1526 est,
726 1477 774 1517 ut
799 1477 928 1517 antea
964 1470 1250 1517 ostendimus
1276 1468 1344 1533 (1),
1375 1470 1492 1517 inter
1517 1471 1672 1517 Eccle-
1731 1455 1737 1512 ἶ

234 1550 314 1595 siae
341 1548 537 1609 Syriacae
562 1548 736 1601 Patres,
766 1547 842 1608 qui
869 1547 1059 1607 palmam
1094 1546 1295 1607 Sapienti
1331 1547 1481 1593 Persae
1516 1547 1672 1607 praeri·
1731 1599 1737 1608 .

234 1625 342 1685 piat.
380 1624 630 1680 Quominus
659 1624 797 1684 igitur
823 1624 971 1683 ipsum
997 1623 1154 1669 audias
1187 1623 1424 1670 docentem
1452 1624 1562 1670 nihil
1580 1624 1671 1684 jam

237 1716 408 1749 moror.

336 1890 367 1933 l.
398 1890 645 1947 Aphraatis
669 1889 874 1935 doctrina
896 1890 950 1935 de
979 1890 1060 1934 Deo
1087 1898 1127 1934 et
1153 1890 1206 1935 de
1229 1890 1304 1935 SS.
1339 1891 1570 1936 Trinitate.

302 2020 561 2065 Doctrinam
599 2020 653 2065 de
690 2021 782 2066 Deo
818 2027 861 2066 et
898 2022 1109 2081 personis
1144 2021 1328 2075 divinis,
1357 2023 1476 2068 sicut
1508 2028 1552 2069 et
1584 2023 1668 2069 alia

238 2096 390 2149 multa,
436 2095 684 2155 Aphraates
725 2097 922 2143 breviter
957 2097 1152 2144 exhibet.
1195 2099 1281 2145 Pro
1323 2099 1583 2146 conditione
1617 2114 1668 2146 ac

237 2172 508 2217 necessitate
544 2173 762 2232 temporis
806 2174 875 2219 sui
918 2180 962 2219 et
1002 2175 1203 2235 regionis
1246 2175 1290 2220 in
1327 2189 1413 2236 qua
1454 2175 1662 2236 degebat,
1722 2168 1737 2238 5

235 2248 490 2307 praesertim
527 2249 778 2308 cognitioni
815 2250 946 2295 unius
966 2250 1059 2318 'Dei
1095 2251 1318 2310 uniusque
1356 2252 1665 2298 universorum
1718 2239 1737 2289 5

238 2323 465 2369 Creatoris
500 2323 686 2369 insistit.
729 2325 852 2370 Tunc
889 2326 1007 2371 enim
1043 2326 1086 2370 in
1120 2327 1305 2372 Perside
1340 2334 1384 2373 et
1419 2327 1665 2387 provinciis
1728 2318 1737 2359 ¹·

237 2401 661 2460 circumjacentibus
704 2402 915 2462 vigebant
957 2403 1288 2463 serpebantque
1326 2404 1446 2450 varia
1484 2403 1662 2450 Gnosti-
1717 2399 1737 2468 -ςῗ

237 2491 391 2522 corum
418 2484 462 2523 et
486 2484 709 2523 sectarum
734 2477 932 2523 affinium
957 2478 1265 2536 deliramenta,
1286 2479 1402 2533 aliis,
1426 2494 1449 2526 e
1474 2493 1662 2540 quorum
1716 2476 1737 2542 *5

236 2568 421 2600 numero
448 2555 529 2600 fuit
554 2555 833 2609 Valentinus,
863 2556 1048 2601 deorum
1075 2556 1169 2602 sive
1205 2570 1380 2603 aeonum
1415 2556 1660 2603 multitudi-

1732 1522 1737 1563 ι

1728 1610 1737 1763 l

279 2714 324 2750 (1)
350 2712 448 2753 δομ,
469 2721 545 2756 pag.
567 2714 608 2746 70
628 2722 729 2757 seqq.
1714 2687 1737 2738 ‘¹
