1737 2950
773 187 1070 230 -224-

207 314 437 362 salutifera
462 313 638 368 evadat,
668 314 879 360 nimirum
905 315 959 361 de
982 317 1177 362 caritate
1200 316 1270 379 (fl.
1302 316 1372 380 11),
1400 318 1455 364 de
1468 319 1646 377 jejunio

205 395 276 452 «Η.
309 394 402 454 111),
431 394 484 439 de
503 394 760 452 precatione
791 392 860 455 (H.
893 393 980 453 IV),
1009 395 1063 440 de
1086 397 1348 453 poenitentia
1383 397 1453 457 (H.
1485 397 1575 459 Vll)
1600 403 1645 445 et

203 474 257 519 de
297 472 558 517 humilitate
597 469 667 532 (H.
712 472 807 530 IX);
856 471 1044 531 iusuper
1083 470 1231 518 officia
1273 472 1500 520 inculcant
1540 489 1642 536 quae

201 552 363 596 ascetis
388 548 457 607 (H.
490 547 559 607 Vl)
586 554 629 593 et
655 547 810 607 populi
838 546 986 593 fidelis
1008 550 1265 606 pastoribus
1289 547 1359 613 (H.
1389 550 1444 612 X)
1469 551 1640 598 incum-

202 628 328 674 bunt.
361 627 408 671 In
433 625 592 672 eodem
619 624 872 685 argumenti
898 638 1067 684 genere
1094 633 1331 672 versantur
1353 628 1643 676 Homilt'aXX

200 719 300 766 quae
325 705 379 750 de
402 705 729 750 sustentatione
762 716 1012 760 pauperum
1053 702 1271 763 inscripta
1306 710 1393 759 est,
1423 711 1468 751 et
1491 706 1638 752 Homi-

198 784 262 827 lia
286 783 401 835 XIV,
435 795 553 841 quae,
583 786 630 825 ut
656 779 829 840 pluries
849 778 940 838 jam
978 778 1273 835 advertimus,
1305 781 1348 826 in
1374 794 1476 828 eum
1503 782 1638 829 finem

198 861 403 906 mandata
430 860 513 905 fuit
546 865 590 905 et
620 857 893 918 composita,
923 864 969 902 ut
995 857 1313 905 dissensiones
1337 859 1560 920 quaedam,
1591 861 1636 906 in

196 941 319 986 clero
345 944 531 990 exortae,
572 935 989 995 exstinguerentur,
1028 935 1221 996 ideoque
1261 936 1372 982 nihil
1409 937 1530 983 aliud
1567 943 1637 984 est

198 1030 330 1077 quam
358 1013 611 1061 exhortatio
637 1012 691 1057 ad
718 1018 914 1058 mutuam
947 1011 1257 1068 dilectionem,
1291 1013 1559 1060 modestiam
1584 1028 1635 1060 ac

197 1094 385 1139 virtutes
424 1091 548 1136 hisce
570 1089 776 1150 geminas
814 1088 1108 1143 exercendas,
1138 1090 1351 1149 opposita
1385 1104 1493 1137 vero
1529 1091 1636 1137 vitia
1719 1123 1722 1126 ι

195 1170 424 1231 fugienda.
457 1169 517 1213 Ea
545 1167 685 1227 igitur
711 1172 781 1212 est
805 1167 1181 1211 Dissertationum
1218 1166 1393 1213 illarum
1426 1167 1556 1223 ratio,
1587 1172 1635 1214 ut

195 1247 448 1308 praesertim
476 1245 672 1290 morales
698 1250 742 1290 et
768 1244 1054 1304 paraeneticae
1080 1244 1286 1292 dioendae
1311 1244 1419 1291 sint.

256 1326 399 1371 Aliter
436 1322 724 1370 sentiendum
768 1322 823 1367 de
865 1323 1059 1368 Homilia
1093 1323 1207 1375 VIII,
1255 1337 1356 1383 quae
1399 1323 1631 1384 singulare

191 1404 372 1464 dogma,
403 1399 786 1447 resurrectionem
823 1399 997 1444 scilicet
1035 1405 1332 1451 mortuorum,
1369 1406 1525 1446 contra
1550 1413 1630 1446 eos

191 1487 354 1533 tuetur,
380 1479 456 1539 qui
490 1478 585 1524 sive
623 1476 732 1522 illud
772 1475 997 1536 negabant
1033 1482 1107 1521 aut
1144 1476 1186 1521 in
1225 1476 1409 1522 dubium
1448 1490 1628 1524 revoca·
1711 1502 1713 1505 ·

190 1559 313 1604 bant.
343 1557 438 1603 sive
463 1554 799 1601 contendebant
826 1559 1165 1599 resurrecturos
1191 1553 1374 1613 quidem
1402 1554 1626 1609 homines,

190 1656 210 1676 «
243 1634 324 1681 sed
367 1646 561 1693 corpore
596 1632 770 1678 coelesti
804 1637 848 1676 et
882 1630 1040 1676 formis
1077 1631 1394 1690 spiritualibus
1438 1632 1627 1678 induen-

187 1713 271 1758 dos
296 1712 362 1771 (ι).
404 1730 426 1751 »
472 1711 578 1755 Haeo
618 1709 768 1768 itaque
805 1707 1039 1753 maximam
1078 1714 1250 1767 partem
1286 1709 1509 1768 polemica
1545 1723 1625 1756 seu

185 1788 474 1849 apologetica
498 1793 584 1832 est.
619 1785 738 1831 idem
766 1785 825 1830 sit
844 1783 1066 1844 judicium
1093 1784 1148 1831 de
1173 1786 1379 1832 Homilt’is
1403 1787 1621 1840 XI-XXII,

184 1866 382 1927 demptis
424 1865 521 1910 XIV
559 1871 602 1910 et
637 1864 733 1917 XX,
773 1876 874 1908 cum
918 1862 992 1916 iis,
1036 1869 1083 1908 ut
1125 1863 1294 1923 legenti
1338 1863 1496 1910 titulos
1531 1863 1623 1923 jam
1702 1853 1714 1894 s'

183 1949 384 2004 apparet,
419 1940 642 2001 imprimis
677 1939 862 1985 Judaeos
900 1938 1140 1999 redarguat
1175 1939 1391 1999 scriptor,
1430 1940 1623 2000 ideoque

181 2021 286 2065 talia
326 2018 545 2065 doctrinae
588 2017 735 2077 capita
778 2029 870 2076 prae
912 2016 1091 2061 caeteris
1134 2022 1313 2067 verset,
1359 2015 1415 2062 de
1454 2016 1621 2077 quibus

179 2097 362 2142 Judaeos
395 2096 511 2141 inter
547 2101 592 2140 et
627 2093 911 2140 Christianos
948 2092 1094 2152 ipsius
1131 2098 1260 2138 aetate
1297 2092 1621 2140 exardescebat
1696 2093 1707 2145 ἶ-

179 2173 506 2220 controversia.
540 2172 608 2216 Illi
636 2171 771 2223 enim,
794 2170 884 2229 jam
912 2169 1079 2215 saeoulo
1101 2169 1159 2213 111
1183 2169 1383 2223 ineunte,
1413 2170 1615 2225 Edessae,
1689 2174 1711 2226 -ζ

179 2249 344 2303 Nisibi,
375 2248 617 2304 Nuhadrae,
641 2247 835 2306 aliisque
862 2243 905 2290 in
933 2245 1124 2291 urbibus
1161 2245 1393 2292 domicilio
1418 2245 1617 2306 Aphraa-
1685 2261 1689 2268 ⁴

179 2327 236 2372 tis
262 2326 424 2372 vicinis
446 2325 627 2371 scholas
656 2323 961 2375 instituerant,
992 2322 1035 2366 in
1062 2321 1228 2382 quibus
1260 2336 1434 2368 summa
1459 2322 1616 2369 indus·
1680 2352 1682 2355 v

177 2404 260 2448 tria
286 2403 554 2463 disciplinas
580 2414 733 2446 sacras
759 2399 1026 2445 excolebant
1051 2406 1094 2444 et
1122 2398 1177 2444 de
1203 2398 1536 2458 quaestionibus
1560 2398 1614 2445 ad

176 2480 308 2526 fidem
363 2479 697 2540 pertinentibus
757 2476 872 2523 baud
927 2475 1145 2522 mediocri
1199 2475 1456 2522 eruditione
1511 2489 1613 2522 cum

217 2647 262 2684 (¹)
287 2648 348 2686 Ap.
371 2644 588 2687 Wright.‚1›.
617 2635 882 2698 32:123030
926 2662 933 2671 ·
963 2634 1134 2693 (ιι-οὲ
1172 2635 1321 2679 DQ
1360 2632 1471 2678 >0ss
1515 2632 1609 2695 '¹¹1⁹

1409 2746 1418 2757 .
1445 2719 1608 2765 ima-03
1672 2750 1693 2756 ,,

1728 0 1737 39 3

1732 40 1737 76 i

1732 239 1737 302 14

1728 313 1737 416 ⁴]

1730 420 1737 537 1

1675 2740 1693 2770 λ

1669 2774 1695 2847 νζ

1668 2845 1683 2880 5

1667 2895 1687 2926 z.
