1737 2950
670 186 963 228 -121-

196 389 218 448 ᾗ
254 389 298 436 3.
341 404 618 436 ΑκῦυΜεΝτυΜ
656 404 706 436 Ex
743 403 832 436 toci
871 403 919 435 Ετ
955 403 1156 435 TEMPORls
1194 402 1420 435 υιετΑΝτιΑ.

155 524 251 570 Duo
271 523 361 583 Jam
386 529 649 584 argumenta
674 523 830 576 habes,
860 536 961 583 quae
987 521 1229 568 ostendant
1255 521 1369 567 citra
1394 534 1528 567 omne

82 600 157 662 jus
182 614 426 661 verumque
446 599 704 660 Sapientem
725 600 909 646 Persam
930 598 1133 645 exhiberi
1155 604 1202 645 ut
1223 599 1270 644 S.
1297 596 1528 658 Ephraemi

87 677 378 738 discipulum.
414 676 626 733 Quamvis
661 682 808 722 autem
845 675 1099 722 decretoria
1136 675 1388 729 videantur,
1430 674 1528 721 aliae

85 761 231 801 tamen
265 754 410 800 adhuc
447 760 694 814 suppetunt
730 753 944 805 rationes,
986 760 1030 799 et
1065 753 1321 813 perspicuae
1363 752 1524 813 magis,

85 838 130 878 et
155 831 411 877 validiores.
445 831 695 887 Quominus
731 831 851 877 enim
889 844 1135 890 paucorum
1178 830 1530 890 ignotorumque

86 908 283 954 virorum
332 914 588 954 commento
636 908 704 954 vel
752 907 1103 954 verisimilitudo
1154 907 1303 967 aliqua
1354 906 1526 959 faveat,

87 987 237 1033 obstat
261 985 501 1032 diversitas
528 987 730 1032 locorum
756 992 800 1032 et
825 992 1079 1046 temporum
1106 985 1272 1046 quibus
1295 984 1359 1030 illi
1387 984 1529 1045 scrip-

88 1071 211 1111 tores
238 1065 408 1111 vixere.

155 1142 284 1199 Quod
326 1147 502 1202 spectat
542 1142 594 1186 ad
634 1141 870 1201 utriusque
908 1140 1111 1201 patriam,
1162 1141 1232 1187 vel
1281 1139 1432 1200 potius
1476 1138 1530 1183 ad

88 1219 282 1280 originis
321 1225 364 1265 et
405 1218 696 1264 habitationis
734 1218 900 1272 locum,
931 1223 1086 1264 notum
1123 1224 1193 1264 est
1224 1217 1527 1278 Ephraemum,

88 1297 164 1358 qui
202 1297 349 1343 Nisibi
398 1296 441 1342 in
486 1297 629 1343 lucem
677 1295 825 1342 editus
865 1303 975 1349 erat,
1028 1309 1233 1356 magnam
1282 1294 1384 1340 vitae
1430 1308 1531 1353 par-

87 1381 175 1422 tem
210 1375 394 1428 ibidem,
447 1375 665 1436 reliquam
708 1374 892 1421 Edessa:
938 1374 1209 1427 traduxisse,
1246 1372 1532 1433 longioribus

89 1458 265 1506 tamen,
311 1452 435 1512 juxta
495 1453 660 1498 multos
714 1457 952 1505 auctores,
1007 1451 1246 1497 itineribus
1304 1432 1532 1509 susceptis

90 1529 132 1575 in
169 1530 411 1590 AEgyptum
454 1536 498 1576 et
548 1529 590 1574 in
627 1529 955 1589 Cappadociam
990 1528 1055 1590 (ι).
1095 1528 1363 1588 Aphraatem
1405 1541 1511 1573 vero

87 1621 141 1654 cx
188 1607 372 1654 Persica
419 1607 561 1667 stirpe
600 1613 772 1655 ortum,
826 1607 910 1652 sub
954 1607 1191 1652 Persarum
1238 1605 1409 1652 ditione
1455 1604 1533 1650 de-

87 1684 253 1746 gisse,
304 1684 526 1745 proinque
570 1684 803 1745 regionem
852 1698 951 1744 qua-3
1004 1684 1057 1729 ad
1116 1684 1336 1730 orientem
1390 1682 1534 1744 magis

89 1769 299 1823 vergeret
321 1761 572 1809 incoluisse
598 1763 639 1806 in
662 1762 809 1822 capite
836 1761 1037 1808 secundo
1065 1762 1421 1808 demonstratum
1443 1766 1529 1806 est.

155 1840 346 1886 Etiamsi
393 1840 531 1900 igitur
572 1853 767 1899 poneres
805 1845 878 1885 aut
916 1847 1156 1899 utrumque
1187 1839 1305 1885 circa
1348 1838 1532 1884 eosdem

87 1931 231 1963 annos
261 1917 488 1969 floruisse,
519 1923 592 1962 aut
617 1916 754 1977 (quod
783 1917 935 1977 utique
963 1930 1014 1962 ex
1041 1916 1399 1962 adversariorum
1429 1930 1531 1962 sen-

87 1995 224 2040 tentia
286 2008 572 2055 consequens
620 1994 754 2042 essetl
804 1995 1088 2054 Epliraemum
1137 1993 1358 2054 Aphraate
1400 1994 1533 2054 paulo

87 2072 389 2132 antiquiorem
440 2086 565 2119 esse.
621 2086 706 2117 non
755 2071 925 2117 ideirco
976 2071 1197 2117 affirmare
1245 2071 1327 2117 tibi
1377 2072 1534 2118 liceret

89 2149 287 2209 priorem
315 2149 456 2195 fuisse
493 2149 678 2194 alterius
715 2149 996 2210 magistrum.
1029 2149 1116 2194 Sed
1152 2149 1249 2209 ipsa
1285 2150 1357 2194 illa
1391 2149 1532 2210 hypo-

87 2227 229 2272 thesis
257 2226 500 2272 falsissima
527 2233 610 2272 est.
641 2227 831 2286 Sapiens
859 2227 1011 2279 Persa,
1036 2227 1204 2273 saeculo
1232 2227 1291 2271 Ill
1319 2227 1371 2272 ad
1399 2226 1531 2272 finem

91 2303 332 2348 inclinante
371 2309 517 2349 natus.
562 2304 614 2348 ab
651 2318 767 2348 anno
812 2302 905 2348 336
950 2318 1092 2364 usque
1135 2303 1186 2348 ad
1229 2318 1392 2349 annum
1438 2302 1531 2349 345

88 2380 304 2426 Homilias
353 2395 457 2426 suas
507 2381 650 2426 edidit
698 2386 763 2441 (a).
817 2381 1084 2442 prraemus
1132 2387 1297 2435 autem,
1351 2387 1398 2427 ut
1446 2381 1530 2427 fert

89 2457 296 2503 unanime
347 2443 737 2504 monumentorum
788 2458 1113 2511 testimonium,
1161 2458 1338 2504 demum
1390 2458 1530 2518 impe-

90 2541 214 2580 rante
253 2534 553 2581 Constantino
587 2536 767 2597 Magno,
809 2536 850 2582 id
882 2543 969 2590 est,
1011 2536 1191 2583 nonnisi
1227 2542 1333 2598 post
1367 2550 1530 2583 annum

135 2675 181 2715 (1)
209 2675 244 2707 Β.
266 2678 304 2708 0.
328 2676 353 2714 l,
372 2684 406 2717 p.
426 2675 468 2708 24
486 2683 587 2718 seqq.

137 2728 183 2770 (Ξ)
211 2728 284 2763 Vid.
307 2738 403 2772 sup.,
420 2739 453 2772 p.
473 2730 516 2763 66
532 2739 633 2774 seqq.
