1737 2950
767 158 1066 200 „180-

196 287 297 348 ipso
323 286 504 335 fatente,
535 283 756 330 adductus
795 282 894 335 fuit,
926 281 1013 327 nisi
1040 279 1280 327 existentia
1305 285 1349 326 et
1373 277 1638 326 testimonio

196 363 370 410 codicis
414 360 629 413 Armenii,
672 374 804 421 quem
847 357 1049 404 audierat
1086 357 1287 403 Venetiis
1329 355 1552 403 asservari
1595 360 1641 402 et

197 439 436 500 complecti
463 440 701 484 Tractatus
729 450 886 482 novem
914 441 958 480 et
982 434 1156 486 decem,
1180 448 1203 479 a
1221 433 1391 480 Jacobo
1419 432 1639 479 Nisibeno

196 516 249 562 ad
291 516 337 561 S.
370 513 640 575 Gregorium
679 512 1030 558 illuminatorem
1069 510 1285 570 scriptos.
1322 509 1485 557 Verum
1523 508 1641 569 ejus-

197 592 316 639 modi
347 591 478 644 ratio,
508 591 546 637 si
573 590 680 651 quid
720 589 825 635 olim
865 587 1055 634 valuerit
1090 586 1144 632 ad
1177 599 1415 632 assensum
1441 585 1641 632 auctoris

196 669 330 715 ctiam
358 667 508 729 gravis
552 667 594 712 in
637 667 821 712 alteram
856 670 1028 725 partem
1060 663 1397 718 retrahendum,
1433 662 1642 723 profecto

197 752 302 806 post
345 750 549 805 repertos
586 749 679 789 tres
715 742 899 789 codices
938 741 1167 802 Syriacos,
1208 754 1324 801 quos
1359 754 1496 800 supra
1537 739 1640 786 des·

196 822 458 882 cripsimus‚
489 821 560 867 vix
588 822 675 866 ulla
701 819 949 865 attentione
976 819 1112 879 digna
1135 824 1205 864 est
1234 834 1243 864 :
1275 831 1328 863 ex
1355 816 1425 862 his
1451 829 1644 878 namque

196 898 520 951 monumentis,
551 911 652 957 quae
691 896 899 942 indubias
936 895 1118 955 majoris
1158 893 1441 954 antiquitatis
1470 898 1515 940 et
1538 906 1642 940 auc-

195 978 393 1023 toritatis
437 975 831 1036 praeponderantis
874 980 1004 1020 notas
1046 986 1141 1032 prae
1191 986 1240 1018 se
1288 971 1465 1024 ferunt,
1518 976 1644 1017 certo

197 1054 368 1100 certius
412 1059 507 1106 est,
562 1065 707 1111 neque
753 1052 795 1096 in
840 1050 1085 1110 exemplari
1134 1048 1402 1094 Armeniaco
1451 1047 1644 1095 inveniri

196 1131 521 1192 primigenium
566 1131 864 1175 Homiliarum
906 1133 1093 1177 textum.
1137 1140 1284 1187 neque
1321 1126 1467 1172 eidem
1505 1125 1644 1172 docu-

198 1214 349 1253 mento
390 1207 523 1252 fidem
561 1205 877 1253 adhibendam.
918 1205 1024 1250 dum
1061 1204 1225 1250 asserit
1266 1203 1398 1248 hasce
1436 1202 1644 1248 lucubra-

201 1285 350 1329 tiones
376 1283 430 1328 ab
457 1282 688 1342 Episcopo
715 1281 934 1327 Nisibeno
961 1279 1239 1340 compositas
1265 1284 1309 1325 et
1333 1278 1387 1324 ad
1421 1278 1645 1324 lllumina·

202 1367 346 1406 torem
391 1359 588 1405 directas
631 1372 750 1404 esse.
794 1358 922 1403 Stant
967 1358 1106 1417 igitur
1149 1356 1298 1402 omnia
1342 1354 1508 1402 indicia
1544 1368 1646 1416 quae

199 1437 340 1497 priori
379 1438 420 1481 in
458 1438 558 1482 loco
599 1438 896 1496 congesserat
926 1433 1227 1485 Assemanus;
1267 1445 1350 1478 nec
1386 1431 1645 1491 conjectura

200 1528 331 1573 quam
361 1513 451 1558 illis
488 1512 703 1557 firmatam
744 1512 963 1562 voluerat,
993 1511 1133 1556 ullum
1169 1509 1361 1555 subinde
1397 1507 1644 1568 probabili·

201 1590 305 1635 tatis
349 1603 442 1634 suae
485 1588 805 1634 detrimentum
851 1600 983 1646 passa
1026 1593 1109 1632 est.
1164 1587 1227 1631 De
1270 1584 1521 1638 Gennadio,
1567 1583 1645 1644 qui

202 1681 317 1712 unus
346 1667 462 1712 inter
488 1666 698 1725 antiquos
737 1665 988 1724 scriptores
1022 1663 1311 1717 contradicit,
1356 1677 1457 1709 mox
1496 1675 1644 1709 sermo

204 1743 469 1789 instituetur
492 1742 559 1803 (i).

268 1820 355 1866 Sed
398 1833 504 1865 ecce
550 1819 631 1864 tibi
674 1819 863 1863 alterum
901 1823 1215 1877 argumentum
1249 1817 1303 1862 ad
1342 1815 1642 1876 probandum,

204 1898 419 1942 Homz'lias
446 1909 556 1955 quas
583 1893 836 1954 Wrightius
863 1893 1004 1939 edidit
1037 1893 1207 1939 Jacobo
1245 1892 1465 1938 Nisibeno
1490 1898 1647 1937 contra

206 1985 336 2018 omne
375 1972 452 2029 jus
496 1971 654 2030 fasque
696 1969 914 2015 adscribi.
962 1969 1029 2014 Ab
1065 1975 1248 2014 auctore
1291 1968 1469 2021 nullibi,
1509 1973 1558 2013 ut
1600 1967 1646 2012 in

206 2050 349 2109 prima
386 2049 726 2093 Dissertatiom's
765 2052 932 2092 nostrae
969 2053 1094 2106 parte
1130 2046 1424 2105 exposuimus
1449 2042 1514 2107 (2),
1554 2057 1646 2090 me-

208 2124 683 2170 moraturArianorum
700 2123 904 2175 baeresis;
923 2122 1129 2182 nuspiam
1150 2121 1282 2167 etiam
1307 2134 1463 2167 eorum
1482 2132 1647 2166 nomen

207 2201 420 2246 occurrit.
483 2201 647 2246 Notum
699 2205 845 2245 autem
898 2204 967 2244 est
1010 2198 1056 2243 S.
1102 2197 1320 2243 Jacobum
1363 2201 1408 2242 et
1449 2195 1645 2242 concilio

208 2278 391 2323 Niczeno
418 2277 698 2330 inter-Fuisse,
729 2282 773 2321 et
798 2275 1018 2321 doctrinae
1045 2273 1310 2320 orthodoxae
1335 2277 1492 2318 contra
1519 2284 1646 2332 gras·
1706 2305 1714 2333 3

208 2359 359 2399 santes
408 2353 477 2399 sui
527 2353 746 2412 temporis
789 2365 970 2398 errores
1013 2363 1193 2409 semper
1236 2348 1378 2394 fuisse
1420 2347 1644 2395 vindicem

208 2430 493 2475 acerrimum.
526 2429 660 2484 Quid,
691 2428 811 2487 quod
841 2441 957 2473 anno
985 2425 1095 2479 335,
1120 2426 1158 2471 si
1187 2424 1300 2470 fides
1325 2425 1385 2470 sit
1405 2423 1641 2484 Dionysio,

255 2615 301 2651 (t)
329 2612 434 2651 lnsra,
453 2621 512 2654 pp.
535 2612 596 2645 ¹92
614 2617 648 2646 et
667 2614 740 2645 193.

255 2665 300 2705 (2)
327 2667 405 2708 Pag.
427 2667 468 2699 74
487 2674 585 2708 seqq.
