1737 2950
773 169 1067 212 -216-

197 299 438 359 progenie,
491 312 591 358 quae
640 297 1001 344 benedictionem
1051 312 1073 343 a
1122 298 1304 344 Noacho
1349 304 1630 358 perceperat,

198 375 373 422 Idcirco
399 374 596 427 Amalec,
628 374 747 420 lilius
779 374 963 435 Eliphaz
999 380 1043 420 et
1079 374 1209 420 Esavi
1237 389 1397 435 nepos,
1425 380 1474 422 ut
1499 376 1633 422 male-

196 452 422 498 dictiones
442 451 611 498 Noachi
632 457 676 498 et
693 451 832 497 Isaaci
863 450 1205 498 benedictiones
1227 451 1377 498 irritas
1403 450 1630 506 redderet,

195 528 350 576 Jacobi
377 533 589 589 posteros
613 529 750 574 armis
776 541 1024 588 aggressus
1051 533 1135 574 est.
1168 528 1276 574 Tum
1305 529 1426 575 Deus
1457 526 1632 590 aequa‘m

197 607 311 653 banc
330 605 385 652 de
410 604 591 651 Amalec
616 605 884 651 sententiam
913 605 1031 659 tulit,
1058 611 1105 651 ut
1130 619 1152 650 a
1175 604 1282 651 filiis
1308 605 1517 652 Rachelis
1536 605 1634 666 ejus

197 683 410 729 memoria
435 682 677 728 deleretur.
709 682 763 727 Et
790 682 936 742 reipsa
965 682 1128 727 bellum
1155 687 1311 728 contra
1347 696 1447 728 eum
1480 696 1635 743 gesse-

196 767 301 807 runt
326 760 518 821 primum
543 761 700 812 Josue,
731 760 849 806 Nuni
876 759 1014 814 filius,
1045 773 1097 806 ex
1123 759 1242 806 tribu
1267 760 1455 825 Josephi
1480 761 1633 807 oriun-

196 839 298 891 dus,
334 837 435 884 dein
474 838 595 886 Saul,
634 837 708 897 qui
746 851 768 882 a
804 836 1064 894 Benjamino
1098 850 1243 898 genus
1282 837 1496 890 ducebat;
1537 836 1634 897 ejus

194 929 302 962 vero
328 915 542 975 reliquias
563 914 873 960 Mardochaeus
888 914 1061 973 jejunio
1081 928 1164 960 suo
1186 914 1401 974 perdidit.
1427 915 1508 969 lta,
1530 915 1633 976 quia

194 1008 288 1054 prae
323 992 533 1039 omnibus
564 992 664 1037 aliis
701 992 830 1037 Esavi
867 992 1065 1051 posteris
1102 992 1285 1038 Amalec
1331 991 1438 1039 filiis
1477 992 1633 1039 Jacobi

196 1069 360 1116 bellum
387 1069 557 1114 illatum
582 1068 740 1120 voluit,
771 1068 867 1127 ipsa
893 1067 990 1127 ejus
1018 1069 1232 1114 memoria
1257 1069 1404 1115 deleta
1428 1075 1514 1116 est.

262 1148 323 1192 Ex
351 1147 477 1192 hisce
513 1146 641 1192 vides
678 1146 904 1206 quomodo
933 1159 1013 1206 per
1050 1146 1320 1193 Mardochaei
1352 1152 1396 1193 et
1430 1147 1634 1195 Esther-is

189 1223 409 1283 jejunium
439 1223 576 1268 Aman
604 1236 627 1268 e
653 1222 874 1282 dignitate
900 1236 979 1268 sua
1006 1223 1269 1268 deturbatus
1295 1223 1354 1269 sit
1379 1229 1423 1269 et
1458 1223 1630 1271 Amale-

196 1301 383 1347 citarum
422 1299 625 1360 reliquiae
668 1299 768 1344 neci
807 1299 997 1352 traditae,
1044 1299 1327 1345 Mardochaeo
1365 1305 1630 1359 potestatem

195 1377 379 1424 Amanis
420 1377 686 1436 accipiente,
729 1376 787 1422 ita
826 1383 872 1421 ut
918 1376 958 1421 in
1005 1376 1218 1422 universo
1262 1376 1448 1423 Assueri
1492 1391 1634 1439 regno

197 1455 438 1516 plurimum
477 1454 685 1514 polleret.
734 1454 897 1499 Esther
945 1459 1090 1499 autem
1135 1453 1289 1514 regina
1336 1454 1436 1501 loco
1478 1456 1630 1502 Vasthi

196 1532 444 1580 constituta
470 1537 579 1577 erat.
612 1550 633 1571 »

266 1611 316 1655 Et
342 1609 436 1655 haec
461 1608 641 1669 quidem
681 1609 870 1668 Sapiens
910 1610 1061 1655 Persa.
1105 1610 1229 1665 Quae,
1261 1610 1464 1669 quamvis
1500 1611 1632 1670 paulo

196 1688 418 1747 longiora,
458 1686 632 1746 integra
668 1685 828 1732 afferre
863 1700 1014 1746 operae
1054 1686 1246 1746 pretium
1282 1686 1426 1733 visum
1463 1692 1549 1741 est,
1585 1693 1634 1734 ut

195 1764 357 1811 melius
382 1769 528 1823 pateat
554 1776 684 1822 quam
722 1777 875 1808 verum
913 1763 972 1809 sit
1008 1763 1127 1824 quod
1167 1763 1296 1810 initio
1332 1764 1627 1814 asseruimus,

195 1847 422 1886 auctorem
473 1853 822 1899 nonnunquam,
875 1840 1062 1900 perinde
1105 1853 1155 1886 ac
1205 1840 1243 1888 si
1293 1854 1382 1901 quo
1431 1840 1632 1887 intendat

194 1917 362 1964 oblitus
399 1922 537 1968 esset,
579 1929 659 1974 per
697 1917 862 1962 multos
899 1917 1093 1962 ambitus
1130 1917 1300 1977 vagari,
1330 1917 1414 1963 alia
1452 1930 1505 1963 ex
1530 1917 1630 1964 aliis

193 1994 458 2039 diverticula
484 1993 610 2052 quasi
635 1994 865 2052 aucupari,
891 1994 1138 2040 orationem
1162 2008 1287 2040 suam
1315 1994 1461 2040 inutili
1482 2007 1629 2040 rerum
1708 2012 1727 2052 ,5-

189 2070 520 2130 verborumque
546 2070 677 2129 copia
696 2069 936 2130 aliquando
963 2084 1149 2117 onerare
1170 2077 1214 2116 et
1234 2071 1466 2131 implicare
1487 2071 1629 2132 magis
1713 2077 1719 2087 '

191 2162 321 2208 quam
357 2161 543 2199 ornare,
583 2147 750 2200 donec,
790 2148 927 2193 veluti
962 2149 1015 2194 ad
1052 2162 1102 2194 se
1137 2162 1347 2195 reversus
1382 2154 1427 2195 et
1461 2162 1631 2195 memor

190 2225 339 2270 subito
360 2224 477 2269 unde
503 2223 731 2269 scribendi
760 2224 935 2270 initium
963 2225 1137 2278 fecerit,
1162 2226 1396 2277 lectorem,
1420 2225 1628 2286 plurimis

190 2301 421 2347 erroribus
447 2300 622 2346 devium
662 2314 712 2346 ac
750 2300 1001 2362 fatigatum,
1032 2301 1083 2347 ad
1126 2303 1409 2362 propositum
1449 2302 1625 2349 tandem

192 2378 392 2424 reducat.

1710 2055 1734 2172 {l

1708 2155 1733 2349 ἐ

1699 2341 1723 2349 ⁴

1702 2351 1731 2625 ,ἔ

1699 2624 1724 2950 ἕ
