1737 2950
620 187 639 201 ,
781 167 1018 208 »2—

179 292 384 344 choantc,
410 289 658 351 episcopali
678 289 780 349 jure
805 295 998 349 praeerat
1015 288 1152 334 variis
1177 287 1373 334 Arabum
1398 286 1617 335 Christia-

178 382 337 414 norum
365 366 591 420 tribubus,
616 380 716 426 quae
736 365 899 427 partim
919 364 1056 410 urbes
1077 364 1120 409 in
1144 363 1349 410 Chaldaea
1369 369 1414 411 et
1430 362 1618 426 Assyria

175 445 296 490 circa
321 443 561 489 australem
588 443 831 503 Euphratis
859 441 1058 487 fluminis
1093 446 1265 501 partem
1297 441 1410 487 sitas
1446 441 1617 488 incole·

177 522 299 574 bant,
352 522 515 581 partim
563 535 646 580 per
692 520 788 566 loca
836 519 1017 565 deserta
1058 524 1300 578 vastasque
1341 517 1616 565 solitudines

174 598 452 659 vagabantur
477 599 544 658 (t).
575 599 815 644 Testantur
835 596 1084 656 Gregorius
1107 595 1403 642 Barhebraeus
1428 593 1475 658 (a)
1500 601 1615 643 etex

174 689 227 720 eo
274 676 370 720 Jos.
426 675 536 720 Sim.
583 673 863 719 Assemanus
911 671 980 732 (3),
1026 670 1205 717 Arabiae
1253 670 1546 731 episcopatus
1592 685 1617 716 a

175 751 390 797 Maruthae
425 764 569 810 usque
599 749 882 809 temporibus
917 747 1059 794 fuisse
1096 747 1229 801 duos,
1269 761 1462 807 quorum
1504 747 1617 794 alter

173 829 372 874 Arabum
398 828 603 873 absolute
631 827 822 879 dicatur,
847 825 1094 884 sedemque
1119 822 1276 870 Akulae
1306 837 1387 870 seu
1422 823 1611 884 Cuphae,

174 904 416 964 aliquando
452 904 586 949 etiam
624 902 803 948 Baladae
841 907 885 947 et
921 900 1186 960 Telaphare,
1225 899 1431 946 habuerit
1463 914 1608 957 suam,

173 981 299 1026 alteri
349 986 514 1033 autem,
559 980 901 1025 Taalabensz'um
952 991 1032 1023 seu
1085 977 1414 1036 Taqlibensz'um
1459 978 1610 1024 Sceni-

171 1067 322 1105 tarum
349 1059 591 1118 appellato,
622 1057 748 1102 locus
774 1056 1016 1116 primarius
1043 1055 1177 1100 suerit
1202 1054 1279 1114 qui
1298 1068 1322 1100 a
1341 1054 1610 1103 Barhebraeo

173 1150 381 1219 ,μα’-καις
409 1138 571 1208 1⁰41»,
601 1149 655 1195 ab
692 1148 792 1194 aliis
828 1131 1000 1216 &3532
1022 1134 1156 1200 12513
1179 1153 1390 1202 vocatur;
1415 1163 1505 1209 quo
1530 1163 1610 1196 no-

170 1236 289 1281 mine
337 1250 425 1281 non
468 1236 686 1282 ditionem
734 1235 929 1295 aliquam
976 1234 1154 1289 venire,
1207 1235 1289 1281 sed
1337 1235 1513 1290 urbem,
1566 1235 1611 1282 in

168 1313 338 1358 Eraclia
386 1313 660 1373 Babylonica
702 1312 756 1358 ab
799 1311 942 1357 Akula
978 1311 1126 1357 tribus
1169 1312 1352 1359 circiter
1393 1326 1609 1372 passuum

169 1388 370 1433 millibus
414 1389 675 1442 distantem,
721 1388 805 1433 viri
848 1388 922 1432 cll.
972 1387 1202 1434 Abbeloos
1245 1394 1290 1435 et
1314 1389 1452 1449 Lamy
1493 1388 1609 1435 scite

168 1463 405 1509 advertunt
433 1464 499 1522 (i).
529 1464 586 1509 At
622 1470 826 1523 tempore
865 1463 1049 1523 Georgii
1086 1464 1157 1509 vel
1191 1465 1348 1510 ambas
1384 1463 1608 1511 dioeceses

168 1539 211 1583 in
241 1554 371 1584 unam
408 1541 652 1594 coaluisse,
682 1541 753 1586 vel
794 1540 972 1599 utrique
1013 1540 1165 1595 simul,
1195 1540 1253 1586 ob
1285 1554 1463 1587 causam
1507 1555 1608 1602 quae

168 1630 250 1661 nos
272 1616 421 1671 lateat,
441 1617 685 1677 Georgium
702 1616 958 1677 praesuisse,
975 1617 1045 1662 vel
1065 1623 1188 1664 certe
1207 1617 1386 1677 priores
1407 1618 1607 1678 ipsarum

165 1690 276 1736 fines
298 1692 439 1738 fuisse
461 1699 671 1745 mutatos,
697 1707 748 1739 ex
770 1692 1032 1738 testimonio
1054 1693 1278 1754 Dionysii,
1301 1693 1606 1740 Jacobitarum

206 1896 255 1933 (i)
282 1896 329 1927 tta
348 1896 376 1927 J.
398 1897 431 1927 5.
452 1901 684 1936 assemanus,
706 1896 739 1928 Β.
761 1897 800 1929 O.
822 1897 847 1936 l,
868 1906 902 1938 p.
925 1896 998 1929 167.

205 1951 254 1989 (Ξ)
280 1951 442 1993 Gregorii
479 1953 679 1986 Barhebraei
715 1952 917 1987 chronicon
954 1952 1249 1991 ecclesiasticum,
1286 1951 1383 1994 quod
1424 1961 1444 1986 e
1481 1952 1604 1987 codice

162 2005 271 2037 Musei
294 2005 485 2038 Britannici
503 2006 723 2048 descriptum
750 2006 953 2046 ediderunt,
973 2006 1148 2039 latinitate
1176 2006 1370 2046 donarunt,
1399 2007 1602 2041 annotatio·

164 2058 342 2100 nibusque
371 2059 596 2092 illustrarunt
622 2061 778 2093 loannes
808 2059 963 2101 Baptista
995 2060 1172 2093 Abbeloos
1191 2063 1226 2093 et
1242 2060 1397 2094 Thomas
1424 2061 1603 2104 Josephus

164 2112 286 2153 Lamy,
309 2113 466 2149 Lovanii.
489 2114 687 2146 1872-1877.
707 2113 774 2146 Csr.
795 2118 883 2146 sect.
906 2115 947 2153 ii,
969 2114 1038 2147 col.
1067 2115 1129 2146 ¹23
1147 2122 1250 2156 seqq.

205 2168 251 2203 (3)
275 2167 420 2208 JOscplti
453 2166 603 2200 Simonii
646 2167 830 2200 Assemani
870 2168 911 2200 de
949 2167 1050 2208 Syris
1090 2168 1348 2210 monophysicis
1378 2168 1601 2209 dissertatio,-

161 2222 293 2259 Romze,
317 2223 410 2261 ¹750,
429 2230 470 2255 ex
490 2222 722 2265 typographia
741 2224 774 2255 S.
800 2226 835 2256 c.
863 2222 907 2256 de
934 2223 1164 2266 propaganda
1191 2222 1271 2256 fide.
1292 2223 1429 2258 videsis
1452 2233 1512 2267 pp.
1542 2225 1598 2264 6¹,

162 2275 219 2312 65,
238 2276 294 2307 89.

203 2330 251 2367 (4)
276 2330 377 2371 Greg.
399 2329 598 2363 Barhebraei
620 2329 819 2363 chronicon
840 2331 1130 2371 ecclesiasticum,
1146 2335 1232 2364 sect.
1255 2333 1280 2372 Ι,
1295 2331 1366 2366 col.
1383 2332 1461 2373 202,
1474 2336 1550 2366 not.
1566 2333 1599 2366 Ξ.

158 2383 254 2423 Opus
280 2382 346 2415 hoc
374 2387 408 2415 ct
436 2387 580 2424 propter
608 2382 786 2424 ingentem
815 2383 971 2416 auctoris
1000 2384 1314 2425 eruditionem,.et
1331 2388 1479 2428 propter
1494 2387 1599 2420 notas

159 2435 360 2469 uberrimas
378 2435 421 2469 de
440 2437 547 2470 rebus
566 2437 790 2479 theologicis,
810 2437 1006 2476 historicis,
1033 2438 1281 2481 geographicis
1305 2443 1341 2473 et
1367 2439 1599 2483 archaeotogi-

159 2489 223 2529 cis,
241 2490 373 2531 quibus
391 2490 508 2532 ipsum
536 2491 800 2533 locupletarunt
825 2492 918 2525 docti
946 2491 1116 2532 editores,
1136 2493 1255 2536 magni
1275 2491 1491 2532 faciendum.
1510 2495 1598 2528 Cum

159 2553 253 2576 unus
283 2544 339 2578 hic
365 2544 454 2578 liber
485 2546 639 2587 plurium
671 2545 748 2579 loco
777 2554 857 2580 esse
886 2546 1017 2588 possit,
1037 2546 1124 2579 mihi
1144 2547 1308 2589 perutilis
1327 2547 1403 2582 fuit.
1423 2549 1535 2590 Quam
1551 2548 1599 2583 ob

157 2605 300 2631 causam
317 2598 402 2632 viris
415 2600 473 2632 cll.
488 2600 666 2634 Abbeloos
687 2604 720 2633 et
739 2602 846 2643 Lamy
863 2604 1002 2643 gratum
1023 2608 1142 2634 meum
1160 2601 1335 2642 animum,
1352 2601 1454 2636 alteri
1471 2609 1598 2637 eorum

157 2659 199 2685 ex
217 2651 338 2686 multis
355 2652 461 2686 etiam
480 2653 560 2686 aliis
576 2653 755 2695 capitibus
773 2654 946 2693 debitum,
966 2654 1022 2687 hic
1041 2653 1182 2696 publice
1201 2658 1370 2690 testatum
1389 2655 1483 2690 volo.
