1737 2950
807 186 1074 227 -98-

233 315 275 359 in
304 312 502 358 tenebris
527 317 572 357 et
608 312 787 357 lucerna
825 325 941 370 quae,
969 309 1238 355 candelabro
1276 309 1502 369 imposita,
1535 323 1660 356 mun-

230 390 334 436 dum
362 389 640 435 illuminat...
670 408 692 430 »

294 467 351 513 Ut
375 465 538 512 seriem
561 464 921 511 testimoniorum
948 478 1000 509 ex
1026 465 1222 522 Epistola
1247 465 1347 510 XIV
1369 464 1660 524 deprompto·

230 559 325 589 rum
353 543 529 590 tandem
555 542 829 594 claudamus,
855 555 955 601 quae
987 555 1037 587 ex
1075 541 1166 586 illis
1208 540 1442 587 conflanda
1479 547 1548 587 est
1582 541 1660 588 de-

232 620 497 666 monstratio
524 619 589 665 sic
617 618 882 664 brevissime
913 617 1116 663 contrahi
1143 622 1308 676 potest.

296 698 378 753 Qui
401 697 459 742 ita
481 696 679 756 loquitur
699 695 752 740 de
779 694 988 740 omnibus
1010 693 1401 739 indiscriminatim
1415 694 1661 740 animarum

229 774 504 834 pastoribus,
535 773 681 832 dequo
714 786 867 818 eorum
906 771 1068 832 agendi
1112 771 1300 817 ratione.
1329 771 1406 831 qui
1443 771 1659 818 malorum

230 857 412 910 peccata
433 857 476 896 et
494 849 599 895 vitia
619 855 705 894 tam
726 861 881 895 severe
906 847 1191 907 perstringit,
1221 847 1297 908 qui
1324 861 1403 894 eos
1427 853 1476 894 ut
1494 847 1548 894 ad
1568 862 1659 895 me-

232 927 387 973 liorem
408 926 581 986 frugem
603 925 787 972 redeant
806 931 894 969 tam
919 923 1206 969 vehementer
1225 923 1396 979 incitat,
1426 924 1663 985 qui'hono-

230 1019 324 1050 rum
346 1003 548 1049 encomia
569 1002 666 1048 susc
686 1001 997 1062 pe1²sequitur;
1014 1000 1188 1060 paucis,
1206 1001 1282 1061 qui
1308 1001 1479 1056 laudes,
1501 1002 1659 1049 adhor-

229 1082 440 1133 tationes,
472 1079 850 1139 reprehensiones
894 1092 975 1137 pro
1020 1077 1191 1123 meritis
1231 1078 1473 1138 unicuique
1505 1092 1663 1140 magna

226 1172 325 1203 cum
352 1156 616 1202 auctoritate
642 1154 845 1200 attribuit
869 1152 931 1216 (11),
954 1154 992 1199 is
1013 1167 1120 1199 sane
1147 1153 1261 1198 haud
1291 1153 1485 1201 obscure
1509 1160 1662 1202 osten-

229 1237 294 1281 dit
320 1251 368 1282 se
394 1249 482 1281 non
509 1248 611 1281 esse
639 1234 728 1279 illis
754 1233 809 1278 de
835 1232 1000 1292 quibus
1027 1232 1093 1277 vel
1121 1231 1392 1291 quibuscum
1423 1233 1517 1294 agit
1550 1233 1660 1280 infe-

229 1315 410 1367 riorem,
441 1312 520 1359 sed
556 1313 600 1357 in
639 1311 794 1358 eadem
833 1310 991 1356 saltem
1028 1309 1289 1356 conditione
1326 1309 1476 1357 vivere
1505 1311 1550 1356 in
1577 1325 1663 1372 qua

227 1391 289 1436 illi
315 1391 484 1436 vivunt.
517 1388 626 1435 Cum
652 1393 799 1434 autem
825 1385 1071 1446 Aphraates
1099 1386 1284 1446 insuper
1315 1387 1516 1448 seipsum
1553 1402 1659 1435 con-

226 1475 397 1514 stanter
439 1467 494 1512 iis
536 1471 799 1511 annumeret
840 1456 893 1509 ad
937 1477 1051 1524 quos
1096 1464 1263 1510 monita
1304 1464 1460 1526 dirigit
1501 1471 1544 1512 et
1585 1465 1661 1526 qui

228 1549 451 1605 potestate
485 1543 526 1587 in
564 1542 766 1588 Ecclesia
801 1540 1084 1600 praecellunt,
1126 1540 1358 1587 inferimus
1397 1541 1662 1603 dignitatem

230 1621 326 1680 ejus
353 1619 659 1680 episcopalem
686 1624 730 1664 et
755 1632 806 1663 ex
835 1617 1040 1662 libertate
1066 1631 1152 1677 qua
1188 1617 1230 1662 in
1271 1617 1464 1664 dicendo
1503 1618 1657 1673 utitur,

228 1705 270 1744 et
295 1712 347 1744 ex
375 1697 472 1757 ipsa
500 1696 710 1756 loquendi
740 1695 880 1741 forma
907 1694 1051 1740 solide
1077 1695 1237 1740 evinci.

292 1774 385 1819 Nec
411 1778 608 1833 opponat
633 1772 812 1831 aliquis,
842 1771 958 1831 apud
984 1778 1211 1817 auctorem
1238 1786 1325 1817 non
1347 1771 1402 1818 de
1421 1773 1662 1833 Episcopis

230 1864 483 1897 sermonem
508 1863 628 1900 esse,
659 1849 738 1895 sed
767 1855 937 1894 tautum
965 1848 1153 1894 secundi
1180 1848 1353 1895 ordinis
1379 1849 1657 1904 sacerdotes,

228 1942 307 1975 seu
352 1927 663 1987 presbyteros,
711 1925 900 1975 laudari.
942 1926 1114 1971 moneri
1162 1932 1206 1972 et
1246 1926 1505 1986 vituperari.
1554 1927 1662 1973 Haec

231 2018 422 2064 namque
465 2003 732 2056 difficultas,
792 2003 848 2048 iis
889 2003 957 2048 vel
1007 2003 1166 2062 raptim
1214 2003 1515 2050 consideratis
1560 2017 1661 2064 quae

229 2088 355 2127 autea
390 2080 678 2139 protulimus,
719 2080 866 2125 statim
906 2082 1109 2125 corruit:
1142 2079 1202 2124 ibi
1237 2080 1354 2125 enim
1390 2081 1510 2126 nulla
1545 2081 1662 2127 inter

230 2159 344 2204 duos
394 2164 622 2216 pastorum
672 2156 855 2202 ordines
897 2156 1154 2209 distinctio;
1206 2163 1361 2202 contra
1408 2157 1661 2203 locutiones

230 2235 572 2287 diversissimae,
615 2248 713 2292 qua}
751 2234 918 2292 passim
963 2239 1221 2286 occurrunt,
1268 2247 1399 2292 quam
1442 2233 1661 2280 latissime

229 2318 398 2372 patent,
425 2324 506 2356 nec
529 2311 703 2370 plenam
727 2323 851 2355 suam
877 2310 965 2355 vim
985 2310 1252 2362 sortiuntur,
1277 2310 1364 2356 nisi
1386 2310 1662 2370 accipiantur

229 2395 272 2434 et
297 2388 353 2434 de
377 2387 643 2447 Episcopis;
676 2386 762 2431 imo
801 2386 844 2430 hi
882 2385 1094 2431 distincte
1133 2385 1418 2431 nominantur
1442 2386 1486 2431 in
1511 2398 1659 2446 prooe-

230 2465 337 2518 mio,
363 2464 438 2509 ubi
458 2463 655 2523 scriptor
681 2482 703 2503 «
729 2462 941 2507 fratribus
967 2461 1231 2516 carissimis,
1253 2463 1512 2522 Episcopis,
1536 2475 1659 2522 pres-

274 2610 320 2648 (t)
347 2608 512 2641 Eamdem
529 2606 775 2641 auctoritatem
794 2611 828 2639 et
847 2605 1042 2638 libertatem
1057 2604 1090 2637 in
1109 2604 1260 2639 dicendo
1277 2604 1508 2640 manifestant
1525 2605 1658 2641 monita

230 2670 270 2695 ac
287 2662 435 2695 consilia
454 2670 533 2703 quae
551 2661 594 2694 ad
614 2665 774 2703 pastores
792 2660 994 2701 diriguntur
1010 2659 1174 2700 Epistotoe
1194 2660 1235 2691 de
1251 2659 1498 2699 poem‘tentibus
1513 2661 1551 2702 §5
1571 2663 1604 2694 Η
1625 2664 1660 2694 et

233 2728 284 2769 ¹2,
304 2735 360 2770 ap.
382 2726 551 2769 Wright,
570 2736 628 2769 pp.
655 2727 760 2756 »ΔΙ-ο
785 2732 818 2761 et
843 2727 944 2779 ψ
974 2745 981 2753 .
