1737 2950
81 268 102 290 «
133 249 457 295 Admirandnm
494 256 537 296 et
577 249 751 296 illustre
789 256 876 305 est,
917 248 1074 303 amice,
1112 247 1372 309 prodigium
1412 248 1522 295 illud

81 327 202 390 quod
238 327 418 388 Moyses
456 328 645 388 patravit
683 328 735 374 ad
774 341 894 374 mare
934 328 1152 374 Rubrum.
1184 327 1249 373 Ibi
1287 327 1405 373 enim
1443 341 1525 388 per

82 403 215 451 fidem
257 403 416 450 divisae
453 410 559 450 sunt
595 419 740 465 aquae,
781 411 826 450 et
861 404 979 450 sicut
1024 410 1200 450 montes
1244 403 1411 450 excelsi
1455 403 1525 449 vel

82 496 219 543 rupes
261 482 419 529 validae
462 483 781 529 constiterunt.
830 483 923 530 Deo
967 482 1222 536 mandante,
1268 481 1526 529 immobiles

82 574 287 607 mansere
325 568 369 607 et
412 561 600 621 perinde
643 575 695 607 ac
737 562 775 607 si
822 561 998 607 utribus
1041 561 1271 607 conclusae
1310 559 1521 614 fuissent,

82 647 168 686 tam
195 654 369 686 summa
394 655 526 700 quam
555 640 641 686 ima
679 655 830 687 earum
870 655 973 701 pars
1011 640 1112 687 loco
1148 639 1278 685 affixa
1303 645 1387 685 est.
1419 640 1528 695 Quae

83 724 238 764 natura
264 717 412 764 ssuunt
440 719 679 765 terminum
708 719 906 779 positum
938 733 1026 765 non
1064 725 1168 766 sunt
1205 724 1524 778 transgressae,

82 803 155 851 et,
194 796 378 857 propria
416 803 582 843 mutata
618 797 795 850 indole,
834 803 1052 843 creaturae
1095 795 1282 842 rationis
1319 802 1529 856 expertes

84 873 208 921 dicto
233 874 501 921 obedientes
528 875 655 921 sactae
689 881 811 921 sunt.
841 875 1026 921 Fluctus
1064 874 1277 934 suspensi
1311 879 1530 934 opportu-

84 952 267 999 nitatem
304 952 510 1007 ultionis,
549 953 695 999 donec
738 953 935 1013 populus
972 952 1256 1012 trajecisset,
1295 958 1530 1012 exspecta-

83 1039 266 1086 verunt;
298 1032 429 1078 undae
458 1033 619 1079 mirum
659 1034 700 1078 in
741 1033 921 1079 modum
949 1032 1248 1092 aspiciebant,
1276 1032 1530 1091 jussionem

82 1124 134 1157 ac
176 1109 387 1156 vindiotae
431 1116 610 1170 tempus
654 1111 966 1171 opperientes.
1011 1111 1193 1156 Retecta
1232 1116 1337 1156 sunt
1374 1110 1530 1156 funda·

84 1192 232 1233 menta
260 1187 427 1232 mundo
454 1188 715 1247 congenita,
740 1195 783 1234 et
805 1187 923 1248 quod
953 1187 1006 1233 ab
1035 1187 1162 1232 initio
1190 1186 1272 1232 fuit
1299 1187 1531 1232 humidum

85 1271 268 1325 repente
297 1264 571 1310 exsiccatum
599 1272 683 1311 est.
718 1265 1011 1311 Sustulerunt
1044 1270 1186 1324 portae
1212 1264 1358 1324 capita
1385 1278 1464 1310 sua
1490 1268 1534 1309 et

84 1344 267 1389 elevatae
307 1349 414 1388 sunt
456 1349 598 1402 portae
634 1348 831 1389 aeternae.
874 1343 999 1388 Tunc
1034 1342 1243 1388 columna
1282 1341 1428 1387 lucida
1463 1342 1530 1386 in-

82 1421 225 1468 cessit
266 1426 311 1466 et
352 1426 498 1466 castra
543 1426 633 1466 tota
677 1420 966 1474 illuminavit,
1014 1419 1318 1479 universoque
1361 1420 1531 1479 populo

84 1512 163 1559 per
206 1497 338 1544 fidem
385 1497 589 1556 trajecto,
635 1498 823 1551 Pharao,
872 1497 1099 1543 exercitus
1143 1503 1185 1543 et
1229 1510 1390 1543 currus
1434 1496 1530 1556 ejus

78 1575 226 1634 justas
252 1574 476 1621 dederunt
502 1588 675 1634 poenas.
714 1595 732 1615 »

150 1653 196 1699 Si
240 1667 340 1714 quae
387 1657 534 1698 autem
584 1653 688 1713 styli
732 1659 993 1699 ornamenta
1042 1653 1114 1699 hic
1162 1653 1255 1699 illic
1304 1653 1529 1713 inspergit

83 1731 350 1791 Apliraates,
403 1729 441 1774 si
492 1729 769 1789 metaphoris
819 1730 887 1775 vel
939 1730 1213 1790 imaginibus
1259 1730 1375 1776 hand
1425 1743 1526 1776 raro

84 1809 240 1861 utitur,
264 1820 314 1853 ea
340 1806 488 1852 omnia
514 1820 566 1851 ex
594 1807 827 1866 Scriptura
854 1807 1121 1867 plerumque
1148 1807 1367 1861 desumit;
1397 1806 1526 1866 cujus

81 1885 193 1931 adeo
219 1898 407 1945 gnarum
435 1897 539 1929 sese
566 1883 764 1937 exhibet,
797 1889 842 1928 ut
873 1883 1043 1943 saepius
1080 1883 1177 1943 ejus
1215 1884 1344 1945 quasi
1381 1884 1526 1930 conti-

84 1977 214 2008 nuam
259 1961 567 2022 paraphrasim
615 1961 656 2005 in
701 1960 946 2007 scribendo
989 1967 1212 2008 contexat.
1260 1962 1526 2008 Praeclaram

86 2039 217 2099 hujus
255 2038 525 2085 assertionis
569 2039 883 2098 probationem
928 2038 1064 2085 habes
1108 2039 1150 2084 in
1190 2040 1394 2085 Homz‘lz'ae
1428 2040 1528 2085 XIV

83 2115 105 2175 ἓ
131 2115 174 2169 2,
205 2130 338 2177 quem
366 2116 501 2162 latine
539 2130 717 2161 versum
755 2130 892 2177 supra
928 2119 1021 2178 (pp.
1054 2115 1112 2162 89
1141 2124 1183 2163 et
1209 2116 1284 2179 90)
1319 2117 1525 2164 recitavi-

85 2208 200 2240 mus.
231 2193 452 2240 Peculiari
480 2193 612 2239 etiam
640 2194 887 2239 attentione
914 2194 1081 2254 dignus
1107 2200 1177 2240 est
1203 2195 1331 2241 locus
1361 2195 1527 2255 aliquis

82 2271 290 2329 Epistolae
314 2271 367 2316 de
392 2272 519 2316 acino
545 2271 612 2329 tt),
654 2270 695 2314 in
736 2284 842 2330 quo,
884 2270 938 2315 iis
975 2270 1262 2317 adminiculis
1296 2272 1526 2332 usurpatis

84 2363 184 2408 quae
227 2364 280 2394 ex
323 2348 444 2394 sonte
490 2348 708 2408 praedicto
756 2347 932 2393 abunde
981 2348 1346 2409 suppeditantur,
1393 2349 1527 2395 altius

84 2439 187 2476 sese
229 2425 395 2480 evehit,
443 2425 611 2471 Summi
657 2425 866 2471 Numinis
910 2432 1180 2485 potestatem
1223 2440 1384 2487 magna
1426 2440 1527 2472 cum

85 2503 286 2563 emphasi
314 2503 529 2556 celebrat,
560 2503 693 2548 siniul
734 2502 931 2547 hominis
971 2503 1274 2550 infirmitatem
1313 2510 1355 2549 et
1393 2504 1526 2549 mise-

128 2676 174 2715 (t)
204 2675 464 2717 Εόίιλϊπιςίιῑ..
486 2684 545 2717 pp.
566 2675 651 2705 αεΔ
669 2676 813 2731 '⁸⁸3⁴
844 2696 849 2702 .

1376 2732 1423 2772 lo
