1737 2950
676 126 973 169 -213—

106 251 361 313 virginibus
402 251 684 312 aequalibus,
733 256 777 298 et
822 250 924 297 ideo
968 251 1133 296 solium
1183 251 1354 313 reginae
1397 253 1550 299 Vasthi

106 333 421 390 occupaverat.
462 328 775 375 Mardochaeus
815 327 966 388 itaque
1004 327 1179 374 foribus
1223 329 1345 391 regis
1380 329 1553 390 primus

108 405 312 467 quotidie
337 405 583 452 assidebat.
615 405 754 451 Aman
793 418 900 451 vero
938 405 1119 451 tertium
1153 406 1197 451 in
1234 420 1376 468 regno
1403 408 1551 454 locum

107 483 340 530 obtinebat
386 489 430 528 et
470 483 524 528 ab
562 482 773 529 omnibus
822 496 1098 543 magnopere
1141 483 1390 530 colebatur.
1438 485 1553 531 Hinc

108 559 382 621 quicumque
419 559 471 604 ad
510 560 676 605 ostium
715 559 840 620 regis
876 565 1020 613 erant,
1064 560 1215 606 statim
1250 575 1301 607 ac
1338 561 1551 609 Amanem

107 636 406 698 aspiciebant,
454 650 557 683 sese
602 636 953 697 prosternebant
987 643 1034 683 ut
1068 651 1170 684 eum
1203 638 1458 685 adorarent.
1499 640 1554 686 At

108 715 253 761 eidem
298 713 609 760 Mardochaeus
653 727 741 760 non
784 714 1070 775 assurgebat.
1120 715 1366 776 Propterea
1413 718 1554 764 voluit

109 794 185 840 ille
210 793 266 840 de
293 792 513 839 Israelitis
539 791 781 838 vindictam
810 806 989 838 sumere
1023 799 1157 854 atque
1198 794 1240 839 in
1274 795 1340 841 eis
1377 796 1552 842 Amale-

108 874 222 920 citas
252 872 429 919 ulcisci.
470 871 621 918 Genus
657 872 775 916 enirn
812 871 911 932 ipse
946 871 1138 918 ducebat
1172 872 1225 918 ab
1259 872 1406 934 Agag,
1446 888 1553 935 rege

108 951 371 1003 Amalecita‚
411 963 542 1010 quem
588 964 610 994 a
654 949 785 995 Saule
823 949 1066 996 adductum
1103 951 1282 997 Samuel
1326 952 1369 996 in
1413 952 1554 999 frusta

108 1043 259 1076 coram
282 1028 474 1074 Domino
501 1027 789 1080 conciderat;
823 1027 1133 1075 Mardochaeus
1159 1035 1305 1076 autem
1332 1044 1384 1076 ex
1412 1031 1555 1091 stirpe

108 1106 281 1158 Saulis,
329 1120 381 1152 ex
424 1105 542 1151 tribu
581 1104 810 1164 Benjamin
848 1111 891 1151 ct
926 1119 979 1151 ex
1016 1105 1122 1152 filiis
1159 1106 1235 1152 Cis
1270 1114 1397 1154 ortus
1435 1115 1546 1155 erat.

110 1184 330 1241 Quoniam
359 1184 496 1244 igitur
523 1183 625 1229 Saul
653 1182 924 1229 Amalecitas
951 1184 1084 1230 morti
1108 1184 1368 1240 tradiderat,
1400 1187 1552 1246 cupie-

110 1262 185 1308 bat
227 1262 364 1306 Aman
404 1260 457 1306 ab
495 1261 661 1306 lsraele
699 1260 867 1320 stragis
906 1261 1192 1321 popularium
1232 1276 1418 1309 suorum
1454 1271 1497 1309 et
1532 1279 1555 1309 a

109 1338 394 1384 Mardochaeo
433 1337 560 1383 necis
603 1337 733 1397 Agag
777 1350 933 1396 poenas
976 1338 1182 1398 exigere,
1231 1353 1314 1385 nec
1355 1340 1554 1386 animad-

110 1417 311 1463 vertebat
345 1416 586 1476 insipiens,
620 1415 748 1474 juxta
785 1416 1055 1461 sententiam
1089 1404 1147 1461 de
1182 1415 1364 1463 Amalec
1401 1418 1550 1474 latam,

110 1495 241 1555 hujus
269 1494 529 1540 memoriam
563 1493 648 1540 sub
680 1494 794 1540 coelo
828 1493 1066 1539 delendam
1093 1508 1213 1541 esse.
1246 1496 1357 1541 Nam
1385 1496 1428 1541 in
1455 1497 1556 1559 lege

110 1587 239 1619 sacra
273 1572 493 1632 scriptum
534 1577 620 1623 est,
663 1571 758 1616 baec
793 1585 816 1616 a
854 1571 948 1617 Deo
986 1571 1128 1632 Moysi
1169 1571 1288 1618 dicta
1325 1587 1428 1620 csse
1463 1573 1511 1636 (1)
1543 1593 1549 1621 :

115 1652 310 1708 Praecipe
333 1652 479 1702 Josue,
504 1651 624 1695 Nemi
648 1649 758 1706 filio,
788 1656 837 1694 ut
863 1651 981 1695 viros
1005 1650 1142 1708 eliqat
1166 1657 1207 1696 et
1231 1665 1430 1710 pugnam
1455 1667 1556 1700 cam

111 1729 293 1774 Amalec
312 1729 575 1772 committat.
602 1726 735 1771 Arma
762 1727 913 1787 itaque
940 1727 1292 1787 sumpsitJosue
1313 1736 1357 1775 et
1378 1744 1555 1779 manum

112 1805 344 1851 conseruit
375 1818 476 1850 cum
509 1803 706 1859 Amalec,
735 1804 829 1863 qui,
863 1803 1017 1863 Moyse
1051 1804 1232 1850 brachia
1265 1807 1552 1865 extendente,

111 1883 246 1944 signo
272 1882 423 1928 crucis
446 1881 591 1927 victus
619 1881 893 1941 fugatusque
920 1888 1005 1927 est.
1038 1882 1098 1928 lis
1134 1897 1269 1942 porro
1306 1884 1558 1934 interfectis

112 1961 188 2021 qui
217 1961 259 2004 in
286 1960 427 2005 aciem
455 1958 673 2011 exierant,
699 1958 776 2019 qui
799 1966 1109 2005 remanserant
1135 1960 1254 2006 domi
1284 1965 1557 2022 superstites

113 2037 229 2083 cladi
273 2037 468 2083 fuerunt.
509 2037 633 2082 Tunc
675 2035 786 2082 dicit
822 2036 1040 2083 Dominus
1073 2037 1216 2098 Moysi
1255 2036 1302 2100 (e)
1343 2056 1350 2084 :
1389 2041 1554 2095 Scribe,

113 2115 542 2160 commemorationis
572 2127 698 2172 erqo,
735 2115 782 2158 in
814 2115 945 2167 libro,
989 2116 1216 2174 simulque
1245 2118 1400 2171 Josue,
1438 2120 1560 2166 Nuni

113 2194 281 2251 filium,
317 2192 504 2237 admone
527 2190 738 2252 saturam
764 2205 857 2237 esse
887 2200 937 2238 ut
972 2195 1232 2239 memoriam
1260 2196 1444 2241 Amalec
1477 2199 1558 2243 sab

114 2271 218 2316 coelo
259 2270 447 2315 deleam.
502 2269 698 2315 Posthac
748 2269 1086 2330 longanimitate
1134 2285 1243 2331 erga
1288 2271 1560 2321 Amalecitas

115 2361 225 2393 usus
251 2352 321 2392 est
349 2347 485 2400 Deus,
516 2346 756 2406 experiens
784 2361 888 2392 num
916 2347 1047 2400 forte,
1076 2347 1226 2394 audita
1251 2349 1489 2410 prophetia
1517 2351 1559 2396 in

117 2424 233 2471 libro
259 2430 417 2471 sancto
443 2424 712 2485 consignata
742 2424 797 2470 de
832 2439 912 2471 sua
939 2425 1269 2480 internecione,
1298 2425 1352 2472 ad
1379 2428 1561 2489 seipsos

163 2619 209 2656 (t)
234 2615 345 2650 Exod.
368 2616 468 2654 xvn,
486 2617 518 2649 9.

162 2672 211 2711 (Ξ)
236 2671 350 2704 Exod.
371 2671 472 2710 XVll,
493 2671 544 2703 ¹4.
