1737 2950
766 229 1057 273 „236-

191 355 317 416 juxta
341 355 558 416 pleraque
582 354 893 416 chronologiae
918 360 1179 416 systemata,
1203 354 1306 416 ipso
1329 361 1493 403 eventu
1518 355 1629 404 falsa

195 431 487 493 comprobata
511 437 599 486 est,
623 432 771 478 minus
796 430 1032 478 mirabitur
1057 431 1133 492 qui
1159 431 1403 480 adverterit
1426 432 1627 480 eamdem

194 509 300 556 olim
342 509 402 555 ita
442 508 665 569 vulgatam
707 508 865 561 fuisse,
905 514 954 554 ut
995 508 1140 565 multi,
1180 508 1301 569 iique
1349 522 1438 556 non
1480 509 1627 571 ignoti

195 585 410 639 nominis,
455 585 706 646 scriptores
741 583 1042 631 ecclesiastici
1085 584 1138 630 ad
1182 584 1327 645 ipsam
1368 586 1626 647 propende·

192 663 283 708 rint
306 663 373 722 (4).
415 662 572 722 Neque
609 660 839 722 Georgius
875 661 1096 722 gentium,
1139 661 1245 708 dum
1280 676 1376 709 eam
1411 663 1628 724 expendit

191 753 241 785 ac
280 738 444 798 rejicit,
484 744 618 799 negat
652 738 913 798 complures
948 751 1051 784 esse
1092 738 1215 785 illius
1249 744 1496 799 patronos;
1534 739 1625 786 imo

191 816 479 869 Bardesanis‚
508 816 554 862 S.
587 816 820 876 Hippolyti
847 821 890 862 et
916 815 962 861 S.
991 815 1147 862 Jacobi
1184 817 1414 871 DoctoriS,
1443 817 1520 878 qui
1552 817 1624 864 his

189 892 607 954 propugnatoribus
654 891 926 939 accensendi
974 898 1102 946 sunt,
1153 892 1287 939 verba
1335 893 1379 938 in
1427 892 1622 940 medium

187 969 371 1016 adducit
394 970 462 1031 (a).
495 969 669 1026 Quibus
704 969 807 1015 addi
844 974 1054 1029 possunt,
1084 969 1202 1015 inter
1233 969 1437 1025 Latinos,
1467 976 1625 1017 auctor

188 1049 491 1103 Quoestz'onum
516 1049 575 1094 ad
601 1048 876 1094 Orthodoxos
901 1048 968 1107 (3),
998 1061 1099 1108 quae
1123 1047 1208 1093 sub
1234 1048 1417 1095 nomine
1443 1048 1490 1094 S.
1516 1049 1621 1095 Jus-

186 1125 267 1171 tini
301 1125 698 1180 circumferuntur,
740 1125 938 1171 lrenaeus
974 1122 1039 1187 (4),
1082 1124 1335 1186 Cyprianus
1368 1122 1433 1188 (5),
1471 1124 1623 1172 Victo-

185 1203 312 1249 rinus
337 1201 402 1264 (6),
434 1200 694 1248 Lactantius
719 1202 786 1262 (τ),
818 1201 1014 1248 Hilarius
1040 1201 1109 1263 (8),
1139 1201 1418 1249 Gaudentius
1449 1201 1618 1248 Brixia-

185 1294 269 1327 nus
317 1280 390 1341 (9),
440 1280 742 1341 Hieronymus
786 1279 884 1340 (1ο),
936 1279 1143 1326 Isidorus
1192 1279 1476 1340 Hispalensis
1523 1277 1614 1341 (11),

184 1357 394 1403 Rabanus
437 1357 616 1403 Maurus
658 1357 746 1419 (aa),
794 1357 960 1417 aliique
1003 1356 1300 1403 recentiores.
1348 1357 1412 1401 Ex
1454 1356 1619 1417 graecis

182 1440 328 1480 autem
377 1434 694 1488 consentiunt,
746 1440 794 1480 ut
843 1440 1034 1480 caeteros
1087 1434 1288 1487 mittam,
1346 1433 1618 1480 Athanasius

183 1512 371 1572 Magnus
397 1511 467 1573 (¹3)
493 1517 537 1557 et
561 1511 829 1564 Germanus,
860 1511 1393 1571 Constantinopolitanus
1421 1510 1613 1556 Patriar-

181 1589 262 1634 cha
286 1586 373 1650 (14),
402 1587 478 1648 qui
504 1587 658 1648 Cyrilli
699 1587 1095 1648 Hierosolymitani
1123 1592 1167 1633 et
1194 1586 1426 1647 Hippolyti
1459 1592 1613 1634 aucto·

180 1666 357 1712 ritatem
384 1665 527 1712 affert.

221 1849 268 1888 (1)
295 1849 340 1882 De
356 1851 428 1882 tota
446 1848 512 1883 hac
528 1848 728 1892 quaestione
744 1848 882 1883 consuli
909 1852 1073 1892 possunt,
1100 1853 1137 1882 ut
1163 1848 1254 1883 alios
1278 1852 1427 1889 taccam,
1457 1847 1614 1892 Bergier,

180 1902 424 1936 Dictionnaire
440 1904 482 1936 de
500 1903 700 1946 Theotoyie,
716 1903 759 1936 ad
777 1911 852 1938 voc.
870 1904 1014 1944 monde:
1033 1903 1238 1943 calmetius,
1252 1902 1501 1937 Dietionnatre
1518 1903 1562 1936 de
1578 1901 1612 1936 la

177 1957 289 1998 Bibte,
320 1958 388 1991 sul)
415 1957 541 1992 eodem
570 1959 762 1998 vocabul0;
791 1966 865 2001 prae
889 1958 1028 1992 caeteris
1061 1966 1159 1998 vero,
1191 1958 1379 1993 cornelius
1410 1966 1429 1992 a
1466 1956 1610 2000 lapide,

177 2010 441 2046 Commentaria
458 2012 495 2045 in
517 2012 623 2053 Apoc.
643 2013 709 2053 XX,
726 2014 759 2053 5,
777 2014 867 2046 etin
885 2013 984 2047 Matt.
1005 2013 1116 2053 xxlv,
1137 2014 1195 2047 36.

220 2066 268 2106 (Ξ)
292 2067 418 2109 Supra,
439 2076 472 2109 p.
492 2067 535 2100 ΞΒ
552 2075 653 2110 seqq.

220 2123 269 2162 (3)
294 2123 425 2164 Quaest.
448 2123 557 2156 Lxxl.

219 2177 267 2217 (4)
292 2177 384 2210 Ααυ.
399 2178 566 2216 lzaereses,
585 2177 646 2211 lib.
667 2179 704 2218 v,
723 2185 826 2221 capp.
845 2178 887 2212 28
904 2182 941 2212 et
958 2178 1011 2212 29.

219 2233 264 2270 (ὅ)
288 2231 345 2265 Act
363 2232 646 2272 Demetrianum,
667 2232 704 2266 it.
722 2234 768 2267 ad
786 2233 1021 2267 Fortunatam
1041 2234 1082 2267 cte
1098 2232 1345 2267 exhortatione
1364 2232 1546 2274 martyrii.

219 2286 266 2325 (6)
291 2286 331 2319 Iu
350 2286 496 2327 Apocat.
519 2288 586 2326 XX,
604 2289 637 2320 5.

217 2342 265 2380 (7)
289 2340 508 2374 Institution.
529 2342 641 2374 divin.
662 2341 724 2375 lib.
745 2343 815 2382 vll,
835 2351 912 2385 cap.
934 2344 1015 2376 xlv.

216 2396 265 2436 (8)
290 2397 432 2428 Canone
446 2396 530 2428 XVll
549 2396 585 2428 in
605 2396 814 2430 Mattlioeum

216 2450 264 2487 (9)
290 2449 458 2483 Oratione
475 2449 549 2483 sive
568 2450 740 2484 'fractam
759 2451 801 2484 X.

215 2506 283 2544 (lo)
309 2505 346 2537 ln
366 2504 591 2545 &positione
608 2507 734 2544 psalm.
758 2504 934 2539 LXXXIX
949 2508 993 2538 aa
1014 2504 1254 2546 cyprianum.

214 2562 283 2600 (11)
308 2560 654 2599 Comment.z'ucn11.
675 2560 706 2592 V
725 2561 911 2595 Geneseos.

215 2613 285 2655 (12)
309 2613 350 2647 1η
370 2614 577 2655 Deuterou.,
595 2614 655 2647 lib.
679 2615 704 2655 l,
723 2623 800 2658 cap.
822 2617 876 2650 11.

215 2671 284 2709 (15)
309 2669 351 2703 In
367 2671 495 2710 psalm.
518 2670 581 2704 VI.

215 2725 283 2762 (14)
309 2723 384 2756 Lib.
403 2726 444 2757 de
463 2725 598 2758 theoria
616 2733 735 2758 rerum
755 2726 1088 2759 ecclesiasticarum.
