1737 2950
675 205 717 209 —
779 180 860 222 293
919 206 964 210 -—

99 303 440 364 disquisitionis
489 305 742 359 tendimus,
795 318 846 350 ex
895 305 1108 351 omnibus
1157 320 1258 366 qua}
1308 306 1545 366 praemissa

100 385 208 428 sunt
247 381 533 428 manifestum
569 396 672 428 esse
708 387 818 443 puto
850 396 940 443 quo
976 382 1078 429 loco
1117 382 1321 429 habenda
1363 383 1425 429 sit
1465 383 1566 444 Sa·-

98 459 267 520 pientis
301 461 453 507 Persae
487 459 694 507 doctrina
727 460 783 507 de
816 466 1021 521 tempore
1061 461 1164 508 finis
1205 461 1360 508 mundi
1396 478 1403 506 :
1445 475 1540 507 eam

97 551 276 598 nempe,
317 538 513 585 diversis
551 539 658 585 licet
698 539 960 585 conclusam
989 539 1227 595 limitibus,
1269 554 1292 585 a
1330 538 1542 599 plurimis

105 617 315 663 Patribus
357 616 454 663 sive
496 622 614 670 ante,
659 616 755 663 sive
792 623 897 677 post
931 615 1222 677 Aphraatem,
1263 616 1543 677 propositam

101 706 229 747 esse;
270 707 359 739 non
397 692 601 740 defuisse
637 693 770 740 etiam
808 692 926 739 inter
951 693 1223 740 recentioris
1248 692 1396 739 aetatis
1422 706 1537 738 com-

103 776 380 817 mentatores
417 770 494 831 qui
532 769 678 816 eidem
716 776 764 816 ut
800 769 1024 829 probabili
1061 770 1348 817 adhaererent
1383 769 1454 815 vel
1491 768 1545 814 ad

102 862 198 895 eam
246 848 321 894 alii
370 848 515 908 magis
563 847 665 893 aliis
712 847 1006 901 accederent;
1069 853 1302 894 auctorem
1351 846 1547 906 denique

103 930 308 972 nostrum
349 924 472 970 nullo
511 923 644 970 modo
686 924 744 970 ob
785 938 836 970 ea
878 937 979 984 quae
1022 923 1066 969 in
1109 923 1325 984 praesenti
1364 922 1549 969 materia

101 1001 290 1049 tradidit
316 1002 359 1047 in
385 1001 557 1048 crimen
586 1001 736 1047 vocari
779 1015 918 1062 posse
957 1001 1133 1048 violatae
1170 1001 1266 1049 sive
1305 1000 1425 1055 fidei,
1451 1001 1547 1047 sive

102 1079 324 1126 doctrinae
350 1079 392 1124 in
422 1079 628 1125 Ecclesia
653 1078 955 1125 communiter
981 1084 1195 1139 receptae.

169 1159 224 1203 Et
260 1158 355 1204 haec
388 1157 572 1218 quidem
609 1157 651 1202 in
694 1171 793 1203 eum
826 1157 1004 1204 demum
1050 1157 1184 1203 finem
1219 1156 1340 1203 dicta
1374 1157 1467 1203 sint
1503 1163 1548 1203 ct

101 1235 365 1296 disputata,
419 1249 474 1281 ne
522 1235 795 1295 iniquiorem
843 1241 886 1281 te
934 1240 978 1280 et
1026 1235 1304 1281 severiorem
1345 1234 1546 1294 judicem

102 1311 316 1373 Aphraati
345 1311 566 1372 praebeas.
592 1311 834 1366 Caeterum,
861 1311 995 1358 modo
1023 1312 1108 1358 ista
1134 1311 1345 1358 admittas
1371 1319 1547 1358 teneas-

104 1403 210 1451 que,
254 1396 385 1449 potes
430 1389 737 1443 subscribere,
767 1403 836 1435 me
880 1389 962 1435 tibi
1004 1390 1123 1436 ultro
1165 1390 1462 1444 assentiente,
1494 1389 1549 1436 iis

103 1469 270 1530 quibus
295 1467 676 1528 disceptationem
702 1482 724 1513 a
751 1481 801 1514 se
821 1467 878 1514 de
904 1467 978 1514 illa
1004 1467 1260 1528 quaestione
1296 1468 1546 1515 institutam

103 1547 272 1595 claudit
309 1546 534 1608 Georgius
573 1547 768 1593 Arabum
794 1545 845 1608 (1)
876 1563 884 1593 :
917 1566 939 1588 «
965 1547 1063 1608 Ego
1096 1561 1217 1606 ver0,
1245 1561 1347 1594 cum
1373 1546 1546 1593 audiam

105 1624 444 1670 Salvatorcm...
486 1623 841 1684 respondentem
869 1625 918 1684 (a)
950 1640 958 1670 :
989 1627 1083 1672 Non
1108 1632 1172 1672 est
1199 1632 1398 1671 vestrum
1421 1639 1548 1671 nosse

104 1709 301 1760 tempora
325 1703 393 1746 vel
418 1709 654 1747 momenta.
680 1715 780 1760 quoe
800 1703 937 1748 Pater
958 1704 1106 1761 posuit
1130 1704 1178 1748 in
1202 1717 1288 1748 sua
1309 1710 1543 1762 potestate,

104 1778 339 1840 parvitatis
378 1792 487 1825 meae
525 1778 633 1822 mihi
671 1779 904 1833 conscius,
935 1786 982 1824 ut
1018 1779 1156 1825 idiota
1194 1780 1298 1826 dico
1340 1796 1348 1824 :
1394 1779 1547 1826 Annos

105 1855 181 1917 qui
224 1855 278 1901 ab
322 1855 452 1901 initio
496 1855 649 1900 mundi
692 1855 913 1902 hactenus
957 1856 1246 1907 effluxerint,
1294 1857 1363 1902 vel
1406 1870 1549 1902 annos

104 1933 324 1992 deinceps
350 1932 402 1978 ad
430 1932 562 1978 linem
589 1946 734 1992 usque
761 1932 915 1978 mundi
942 1933 1137 1987 futuros,
1161 1934 1231 1980 vel
1251 1932 1386 1980 etiam
1406 1948 1548 1980 annos

105 2011 159 2056 ab
204 2011 301 2069 eJus
345 2011 532 2056 exordio
568 2024 713 2070 usque
747 2010 801 2056 ad
842 2010 976 2056 finem
1013 2011 1373 2065 intercedentes,
1418 2025 1548 2057 nemo

105 2087 225 2135 inter
264 2102 423 2134 omnes
467 2088 672 2134 homines
715 2094 802 2142 est,
849 2089 925 2149 qui
969 2089 1254 2150 cognoverit,
1300 2096 1550 2150 cognoscat

106 2172 182 2212 aut
206 2166 477 2227 cogniturus
499 2165 576 2212 sit.
606 2185 627 2206 »

269 2346 324 2390 ll.
365 2347 612 2404 Aphraatz's
647 2346 854 2391 doctrina
889 2346 943 2392 de
979 2348 1135 2392 anima
1171 2348 1389 2394 humana.

176 2477 392 2523 Gressum
438 2491 556 2523 nunc
597 2477 786 2523 facimus
829 2477 883 2523 ad
921 2478 1161 2539 Aphraatis
1205 2480 1549 2541 psychologiam

110 2553 465 2601 examinandam.
498 2555 545 2599 ln
574 2554 656 2600 hac
683 2554 801 2601 enim
839 2555 1077 2615 quemdam
1117 2556 1300 2616 majoris
1338 2557 1552 2602 momenti

155 2696 201 2734 (1)
227 2693 394 2737 opusculi
415 2693 520 2734 nujus
540 2702 641 2736 pagg.
661 2694 704 2727 36
722 2697 755 2727 et
776 2695 828 2727 37.

157 2750 203 2791 (2)
229 2748 308 2784 Loc.
327 2758 410 2790 sup.
425 2749 483 2782 cit.
