1737 2950
763 210 945 252 -304
1006 234 1052 240 —

183 335 421 382 adventum
449 335 549 381 Filii
575 336 688 396 ejus,
719 342 763 383 et
799 349 882 397 per
918 335 1051 382 tidem
1088 336 1371 384 constituunt
1402 337 1445 382 in
1468 336 1619 384 eordi-

183 414 264 460 bus
291 415 386 461 suis
413 414 628 475 Spiritum
656 414 754 468 Dei,
783 414 824 459 hi
866 414 976 460 tales
997 413 1119 473 juste
1157 414 1362 461 homines
1387 415 1613 471 dicentur,

178 499 222 538 et
250 492 418 546 mundi,
449 498 492 539 et
517 492 794 553 spirituales,
824 497 868 538 et
905 491 1107 538 viventes
1145 492 1237 539 Deo
1267 509 1276 538 :
1308 492 1411 553 quia
1450 492 1614 540 habent

177 569 394 630 Spiritum
424 570 582 625 Patris,
624 570 699 631 qui
738 569 950 616 emundat
985 569 1210 616 hominem
1248 576 1293 617 et
1327 570 1531 618 sublevat
1567 571 1612 617 in

175 647 310 694 Vitam
338 647 435 694 Del.
472 667 494 690 ))

242 725 378 771 Paulo
427 731 532 785 post
579 724 825 785 exponitur
871 723 1101 785 quomodo
1150 724 1285 772 homo
1333 730 1539 772 terrenus
1587 739 1612 772 a

175 801 344 861 Spiritu
372 801 452 848 Dei
491 801 804 858 absorbeatur,
830 801 1177 848 transformetur
1214 815 1266 848 ac
1301 801 1437 848 veluti
1474 801 1611 862 spiri-

173 879 305 925 tualis
340 879 559 926 efficiatur
597 878 645 939 (1)
687 895 694 924 :
727 898 748 920 «
776 878 1019 926 Infirmitas
1054 879 1174 925 enim
1211 879 1360 926 carnis
1397 879 1609 940 absorpta

171 962 400 1017 potentem
426 957 626 1003 ostendit
653 956 887 1017 spiritum;
928 957 1117 1017 spiritus
1154 963 1301 1004 autem
1338 971 1495 1004 rursus
1531 957 1607 1004 ab·

169 1035 361 1082 sorbens
411 1035 733 1089 infirmitatem,
779 1034 1041 1081 haereditate
1084 1034 1293 1095 possidet
1335 1049 1514 1082 carnem
1561 1035 1607 1081 in

168 1125 218 1158 se
264 1129 271 1157 :
319 1119 363 1159 et
403 1127 456 1160 ex
498 1113 703 1173 utrisque
746 1111 889 1158 factus
931 1117 1001 1158 est
1043 1111 1199 1158 vivens
1242 1111 1401 1167 homoz,
1450 1111 1606 1158 vivens

168 1189 349 1248 quidem
389 1195 575 1250 propter
612 1188 1003 1250 participationem
1041 1188 1252 1249 Spiritus,
1287 1189 1421 1235 homo
1457 1194 1604 1235 autem

166 1274 353 1327 propter
377 1267 673 1314 substantiam
701 1267 866 1313 caruis.
899 1266 1041 1327 Igitur
1066 1280 1170 1312 caro
1197 1266 1295 1312 sine
1326 1265 1495 1326 Spiritu
1523 1265 1602 1313 Dei

167 1349 339 1390 mortua
375 1350 468 1398 est;
500 1358 589 1390 non
627 1344 797 1389 habens
833 1343 985 1395 vitam,
1018 1356 1206 1403 regnum
1245 1342 1325 1388 Dei
1363 1342 1602 1402 possidere

164 1434 251 1466 non
289 1426 477 1481 potest:
516 1420 703 1481 sanguis
741 1419 1032 1473 irrationalis,
1072 1420 1194 1465 velut
1229 1434 1342 1480 aqua
1379 1418 1518 1466 effusa
1556 1420 1600 1466 in

163 1504 342 1544 terram.
383 1499 436 1544 Et
474 1505 661 1559 propter
699 1498 784 1543 hoc
820 1497 881 1543 ait
907 1496 954 1557 (a)
985 1513 993 1541 :
1027 1498 1182 1552 Qualis
1221 1505 1445 1551 terrenus,
1481 1497 1600 1543 tales

161 1577 343 1621 terreni.
394 1575 479 1621 Ubi
516 1580 662 1620 autem
700 1573 896 1633 Spiritus
929 1573 1092 1626 Patris,
1140 1573 1200 1618 ibi
1246 1574 1378 1620 homo
1421 1573 1596 1628 vivens,

159 1652 345 1712 sanguis
382 1651 612 1696 rationalis
638 1649 691 1695 ad
718 1650 934 1696 ultionem
960 1663 984 1695 a
1012 1650 1102 1695 Deo
1139 1649 1411 1702 custoditus,
1439 1663 1544 1696 caro
1570 1663 1595 1696 a

159 1728 321 1787 spiritu
358 1741 592 1788 possessa,
631 1727 770 1773 oblita
804 1727 985 1787 quidem
1025 1726 1114 1779 sui,
1153 1726 1411 1786 qualitatem
1445 1732 1594 1773 autem

158 1804 354 1864 Spiritus
379 1819 632 1859 assumens,
662 1804 909 1850 conformis
936 1804 1049 1850 facta
1074 1804 1220 1850 Verbo
1246 1804 1343 1850 Dei.
1377 1804 1431 1849 Et
1455 1817 1594 1864 prop-

157 1887 276 1928 terea
311 1883 372 1928 ait
406 1880 453 1945 (3)
495 1899 502 1927 ;
544 1884 667 1928 δέεαι
702 1883 980 1940 portavimus
1017 1883 1255 1940 imaqinem
1291 1882 1387 1939 ejus
1423 1883 1503 1941 qui
1541 1881 1595 1928 de

155 1965 275 2004 terra
310 1966 393 2013 est,
425 1966 653 2018 portemus
682 1966 723 2004 et
757 1960 998 2020 imaqinem
1035 1959 1132 2016 ejus
1162 1959 1241 2016 qui
1275 1958 1330 2004 de
1363 1958 1468 2004 coelo
1501 1965 1588 2004 est.

155 2035 269 2090 Quid
296 2042 366 2082 est
390 2049 500 2096 ergo
522 2035 776 2082 terrenum?
815 2036 1006 2081 Plasma.
1039 2034 1154 2090 Quid
1191 2040 1337 2080 autem
1375 2034 1590 2081 coeleste?

154 2112 367 2173 Spiritus.
399 2113 525 2159 Sicut
561 2113 714 2174 igitur,
744 2112 822 2166 ait,
852 2112 950 2158 sine
986 2112 1156 2172 Spiritu
1194 2111 1368 2158 coelesti
1399 2124 1587 2158 conver-

151 2189 234 2234 sati
261 2204 416 2235 sumus
442 2189 681 2249 aliquando
709 2190 752 2234 in
781 2194 1001 2234 vetustate
1026 2187 1191 2246 carnis,
1211 2201 1299 2234 non
1321 2187 1586 2234 obedientes

152 2266 243 2312 Deo
282 2283 289 2310 ε
329 2267 395 2312 sic
430 2280 547 2312 nunc
582 2267 858 2326 accipientes
891 2266 1126 2326 Spiritum,
1167 2265 1209 2310 in
1246 2265 1442 2312 novitate
1481 2264 1584 2311 vitae

148 2343 444 2397 ambulemus,
475 2343 741 2389 obedientes
764 2344 875 2388 Deo.
909 2361 929 2382 »

214 2420 349 2467 Hisce
374 2434 574 2466 consona
599 2419 910 2480 compluribus
948 2419 990 2464 in
1030 2418 1144 2465 locis
1176 2417 1311 2464 tradit
1336 2417 1576 2479 Origenes

189 2588 236 2627 (1)
261 2586 388 2630 migne,
407 2587 544 2621 Patrot.
562 2586 675 2621 Graec.
698 2592 719 2620 ι.
743 2587 814 2626 Vll,
834 2585 900 2620 col.
926 2586 1020 2620 ¹¹⁴5.

185 2641 232 2682 (Ξ)
258 2642 268 2674 l
289 2642 446 2676 Corinth.
470 2643 536 2681 xv,
557 2643 609 2676 48.

187 2699 233 2736 (3)
260 2697 364 2738 ibid„
385 2707 414 2730 v.
436 2698 489 2730 49.

1713 2144 1735 2230 fi
