1737 2950
661 151 959 193 ..233—

156 281 432 328 Peculiarem
460 279 740 338 conscripsit
776 277 967 338 Sapiens
994 279 1131 324 Persa
1166 280 1531 324 Dissertationem

87 361 141 407 de
161 360 336 407 Christo
361 359 439 404 Dei
463 358 590 403 Filio.
623 357 669 402 ln
697 370 800 418 qua,
832 356 936 402 licet
962 355 1014 401 ad
1042 355 1286 410 hominem,
1314 362 1361 402 ut
1385 356 1527 411 aiunt,

87 443 243 486 contra
270 436 456 483 Judaeos
482 440 657 496 arguat,
688 433 882 495 ideoque
909 447 998 479 non
1026 439 1114 480 tam
1140 433 1196 480 de
1232 433 1329 495 ipsa
1354 447 1402 480 re
1427 439 1530 496 agat

87 531 218 578 quam
266 514 321 561 de
372 513 506 560 modo
561 512 805 574 loquendi,
855 512 1020 574 dogma
1076 518 1224 559 tamen
1280 512 1530 559 divinitatis

87 593 253 642 Christi
281 591 462 639 Domini
489 591 779 652 apertissimo
806 590 1070 637 testimonio
1097 591 1296 638 roborat.
1322 592 1386 638 Ita
1411 591 1530 638 enim

87 687 218 720 suum
240 671 282 718 in
305 668 618 731 componenda
644 669 837 715 Homilz'a
857 668 1097 715 consilium
1124 669 1253 715 initio
1279 668 1422 730 aperit
1442 668 1492 728 (¹)
1517 685 1525 713 t

89 770 111 792 «
143 747 401 810 Responsio
428 746 646 793 adversus
670 745 873 799 Judaeos‚
903 745 980 806 qui
1019 746 1189 806 populo
1226 760 1278 792 ex
1316 745 1530 807 gentibus

87 831 365 889 congregato
391 825 510 871 hunc
538 825 581 869 in
610 824 790 871 modum
826 823 1138 870 conviciantur
1167 840 1174 868 t
1209 843 1229 865 «
1262 823 1422 870 Colitis
1448 839 1530 870 vos

86 910 130 952 et
154 904 354 951 adoratis
380 902 607 949 hominem
630 916 682 948 ex
709 901 968 948 hominibus
994 901 1196 962 genitum
1223 906 1357 963 atque
1383 901 1528 948 cruci-

85 983 247 1037 fixum;
278 981 504 1029 hominem
531 980 703 1027 vocatis
739 981 898 1034 Deum,
929 994 1122 1041 cumque
1151 994 1282 1027 nemo
1322 980 1382 1026 sit
1408 980 1529 1027 filius

87 1061 185 1115 Dei,
214 1060 346 1106 talem
373 1073 475 1106 esse
501 1058 754 1120 perhibetis
777 1058 933 1104 Jesum
971 1057 1095 1102 illum
1128 1057 1252 1104 cruci
1279 1057 1474 1104 affixum.
1505 1076 1527 1099 ›>

86 1139 195 1195 Quae
220 1138 287 1184 sic
315 1136 590 1198 persuadere
617 1140 838 1181 conantur
861 1151 868 1180 :
898 1153 920 1176 «
941 1135 1061 1180 Deus
1081 1134 1194 1180 dixit
1214 1133 1290 1197 (2):
1322 1137 1404 1194 qu
1427 1150 1529 1182 sam

84 1219 218 1269 Deus,
236 1230 377 1276 neque
397 1216 521 1261 ullus
540 1221 605 1261 est
625 1215 745 1260 alius
761 1221 929 1273 proeter
947 1229 1030 1260 me.
1053 1213 1108 1259 Et
1127 1214 1233 1259 alibi
1253 1211 1300 1276 (3)
1318 1214 1529 1275 prohibet

83 1310 139 1341 ne
178 1295 377 1341 alienum
420 1307 586 1339 numen
628 1293 882 1338 adoremus.
929 1293 1067 1353 Ergo.
1110 1292 1250 1347 aiunt,
1299 1293 1343 1338 in
1387 1294 1526 1340 Deum

85 1373 280 1419 rebelles
315 1371 445 1426 estis,
476 1370 553 1432 qui
593 1370 671 1416 Dei
711 1383 873 1416 nomen
912 1369 1082 1415 homini
1120 1369 1385 1416 attribuitis.
1416 1390 1437 1411 »
1468 1398 1526 1404 -

85 1451 149 1496 De
185 1450 256 1496 his
294 1449 446 1509 igitur,
488 1447 741 1500 carissime,
778 1446 926 1507 quoad
964 1453 1124 1506 potero
1162 1453 1205 1492 et
1242 1447 1528 1494 imbecillitas

86 1542 181 1574 mea
223 1526 431 1583 sufficiet,
468 1531 512 1572 te
555 1525 802 1577 instruam;
841 1523 1169 1585 ostendamque
1208 1524 1307 1578 tibi,
1351 1523 1529 1572 etiamsi

84 1605 174 1652 illis
208 1603 589 1651 obtrectatoribus
626 1602 887 1649 dederimus
927 1601 1157 1648 Christum
1186 1616 1356 1649 merum
1383 1602 1527 1649 homi-

85 1696 186 1729 nem
212 1696 332 1735 essc,
355 1681 461 1727 dum
480 1686 626 1726 tamen
655 1694 754 1726 eum
776 1679 969 1725 colimus
989 1685 1032 1725 et
1053 1679 1193 1725 Deum
1215 1694 1265 1725 ac
1286 1680 1524 1726 Dominum

83 1773 314 1812 vocamus,
346 1773 434 1805 non
461 1758 549 1804 alio
576 1757 757 1803 nomine
784 1770 884 1803 cum
910 1771 933 1802 a
959 1756 1093 1802 nobis
1121 1757 1368 1818 nuncupari
1397 1771 1528 1818 quam

84 1836 205 1898 quod
235 1836 323 1897 ipsi
350 1835 634 1881 adhiberent.
658 1834 824 1880 Verum
851 1834 1081 1880 enimvero
1107 1839 1279 1880 certum
1308 1834 1440 1880 nobis
1461 1840 1529 1881 est

82 1914 256 1966 Jesum,
291 1911 532 1958 Dominum
570 1916 794 1964 nostrum,
834 1911 974 1957 Deum
1009 1924 1113 1957 esse
1147 1916 1192 1956 et
1225 1910 1305 1957 Dei
1345 1911 1524 1964 Filium,

87 1992 256 2053 Regem
290 1996 333 2037 et
371 1989 531 2035 Filium
571 1989 728 2049 Regis,
760 1986 931 2036 Lumen
969 1988 1024 2035 de
1063 1988 1269 2043 Lumine,
1300 1989 1460 2035 Filium
1487 1996 1531 2035 et

86 2068 424 2123 Consiliarium,
459 2068 626 2114 Ducem
665 2074 709 2113 et
733 2066 876 2119 Viam,
909 2066 1185 2113 Salvatorem
1210 2072 1345 2127 atque
1372 2068 1527 2114 Pasto-

84 2159 196 2200 rem,
227 2145 633 2206 Congregatorem,
659 2145 856 2197 Portam,
883 2143 1167 2204 Margaritam
1189 2150 1233 2189 et
1258 2144 1523 2195 Lucernam;

82 2224 384 2286 plurimisque
409 2221 666 2282 hujusmodi
693 2221 954 2268 nominibus
981 2222 1250 2281 appellatur.
1284 2241 1306 2262 »

151 2301 272 2347 Nihil
310 2300 517 2361 profecto
552 2300 678 2346 hisce
713 2299 987 2345 luculentius
1019 2299 1075 2345 de
1101 2299 1270 2346 Christi
1296 2299 1530 2346 divinitate

85 2377 335 2426 desiderari
361 2382 530 2438 potest,
569 2376 915 2423 convincentius
954 2376 1082 2422 nihil.
1114 2376 1174 2423 lis
1209 2382 1356 2422 autem
1395 2377 1528 2422 simul

86 2457 346 2505 continetur
381 2455 549 2503 solutio
587 2454 866 2502 difficultatis
892 2468 993 2516 quac
1018 2468 1070 2501 ex
1098 2454 1299 2516 generali
1326 2454 1528 2515 ejusdem

130 2623 158 2657 (1
203 2621 370 2665 Wrigffl..
391 2631 448 2664 pp.
474 2610 606 2650 ὼ
629 2622 665 2652 et
686 2611 813 2673 Ἓξ*
845 2635 852 2642 -

130 2678 176 2715 (2)
203 2677 390 2710 Deuteron.
412 2677 542 2716 xxxn,
559 2677 612 2710 39.

131 2733 178 2773 (3)
201 2732 313 2769 Eoeod.
335 2733 473 2770 xxxiv,
497 2733 547 2766 ¹⁴.
