1737 2950
801 173 1095 214 —114-

236 315 336 353 nos,
358 299 570 346 Aetianos
590 312 669 345 seu
690 299 1009 352 Eunomianos,
1037 298 1340 352 Paulinianos,
1364 298 1661 355 Sabellianos,

238 377 550 430 Photinianos,
598 376 875 429 Borborstas,
924 375 1158 427 Catliaros,
1205 375 1454 430 Audianos,
1502 376 1667 424 Messa·
1717 400 1721 404 -

237 455 380 500 lianos
408 458 622 499 memorat
647 458 691 498 et
715 452 897 505 refellit,
928 465 1073 512 neque
1109 451 1345 498 Chaldaeos
1380 452 1477 499 sive
1511 452 1669 500 Astro-

236 535 366 595 logos
392 533 572 579 omittit.
604 532 757 588 Quoad
782 531 1052 591 Aphraatem
1078 545 1203 584 vero,
1233 532 1419 578 multum
1455 531 1583 579 abest
1623 538 1671 580 ut

235 619 321 657 tam
361 611 496 656 multa
541 617 717 669 tamque
753 609 931 654 diversa
967 609 1226 668 protulerit.
1261 609 1418 670 Neque
1450 610 1663 664 carmina,

236 703 335 749 quae
371 688 552 748 quidem
595 687 647 732 ad
686 701 768 733 nos
812 687 1116 747 pervenerint,
1160 687 1416 747 composuit
1452 702 1665 749 unquam,

235 780 380 826 neque
416 765 554 810 ullum
595 763 839 823 Scripturas
875 764 1038 809 librum
1078 763 1131 809 ab
1168 763 1297 810 initio
1325 763 1379 810 ad
1408 763 1560 819 finem,
1586 765 1666 812 sed

234 843 436 902 quaedam
463 847 633 888 tantum
659 841 756 887 loca
783 846 827 887 et
850 840 995 894 effata,
1025 841 1126 887 data
1156 841 1414 896 occasione,
1446 841 1667 902 interpre-

233 926 350 966 tatus
376 925 460 966 est.
493 919 541 964 ln
566 919 770 964 Homiliis
797 931 897 978 quae
935 917 1035 978 ipso
1066 923 1250 964 auctore
1286 917 1496 978 prodiere
1536 924 1580 966 et
1615 918 1670 965 ad

236 1011 319 1043 nos
368 996 647 1042 transmissae
690 995 832 1048 fuere,
881 996 966 1041 late
1015 995 1218 1055 disputat
1259 1000 1415 1041 contra
1458 994 1667 1051 Judae0s;

235 1074 381 1133 aliqua
423 1073 555 1118 etiam
612 1072 832 1118 adversus
891 1070 1127 1118 Chaldaeos
1185 1079 1228 1117 et
1285 1077 1406 1118 artes
1453 1071 1666 1132 magicas,

237 1151 432 1210 itemque
456 1150 673 1196 adversus
700 1149 1072 1196 Manicheismum
1098 1155 1143 1195 et
1163 1149 1294 1208 hujus
1321 1149 1548 1196 haereseos
1568 1162 1670 1209 pro-

234 1227 422 1288 pagines
450 1226 618 1287 passim
647 1225 829 1278 inserit;
859 1232 902 1271 at
937 1226 991 1271 de
1028 1225 1284 1272 Arianismo
1319 1225 1548 1286 sectisque
1580 1225 1671 1271 affi-

235 1304 384 1357 nibus,
401 1318 512 1364 quas
532 1303 815 1363 Ephraemus,
837 1302 1132 1349 suadentibus
1154 1308 1406 1363 temporum
1424 1302 1666 1362 adjunctis,

234 1380 420 1439 speciali
458 1380 650 1440 quodam
686 1379 846 1425 ardore
883 1393 1064 1439 semper
1101 1379 1395 1440 impugnavit,
1436 1392 1491 1425 ne
1529 1379 1668 1425 ullum

237 1457 417 1516 quidem
443 1456 628 1502 verbum
655 1456 807 1501 habet.

303 1534 522 1579 Praeterea
548 1546 653 1578 vero
682 1533 723 1576 in
762 1532 989 1592 Sapientis
1017 1532 1169 1578 Persae
1195 1532 1402 1590 Epi-stolis
1427 1538 1671 1578 occurrunt

237 1610 491 1669 singulares
517 1608 718 1669 quaedam
756 1608 992 1654 sententiae
1030 1622 1130 1667 quae
1167 1607 1386 1654 doctrinae
1421 1607 1567 1668 ipsius
1602 1607 1670 1653 in—

235 1686 383 1731 dolem
411 1685 554 1746 magis
579 1685 960 1730 circumscribunt
978 1690 1022 1730 et
1044 1684 1161 1729 illam
1183 1698 1206 1729 a
1228 1683 1437 1730 Doctoris
1463 1683 1670 1731 Nisibeni

238 1762 417 1822 placitis
454 1762 692 1822 plurimum
728 1761 910 1807 differre
946 1761 1208 1807 ostendunt.
1250 1761 1371 1807 Talis
1405 1767 1475 1807 est
1517 1761 1671 1822 opinio

234 1840 360 1897 juxta
401 1852 532 1898 quam
568 1837 761 1883 mundus
795 1844 900 1897 post
937 1851 1016 1883 sex
1057 1851 1274 1883 annorum
1312 1836 1450 1882 millia
1485 1837 1538 1883 ab
1575 1837 1671 1898 eJus

241 1916 426 1961 exordio
468 1914 767 1975 computanda
801 1913 1106 1960 destruendus
1144 1919 1267 1960 esset
1301 1911 1365 1975 (1).
1405 1913 1520 1960 Huic
1553 1914 1670 1960 enim

242 1994 403 2044 errori,
433 2006 564 2053 quem
591 2006 644 2038 ex
674 2006 809 2051 prava
844 1992 1015 2051 aliquot
1050 1990 1411 2037 testimoniorum
1442 1990 1488 2036 S.
1519 1991 1671 2052 Scrip-

245 2077 356 2115 turae
381 2069 681 2129 explicatione
701 2074 865 2122 ortum,
885 2068 999 2114 haud
1021 2067 1150 2127 pauci
1171 2081 1224 2113 ex
1243 2066 1440 2127 antiquis
1464 2067 1673 2115 Patribus

242 2146 433 2205 amplexi
459 2151 600 2196 erant,
631 2145 848 2190 calculum
875 2144 1028 2202 adjicit
1058 2143 1306 2203 Aphraates
1332 2143 1376 2188 in
1401 2144 1597 2202 Epistola
1619 2145 1673 2191 de

242 2224 462 2267 charitate
502 2222 575 2283 (2),
621 2220 822 2280 ejusdem
872 2234 975 2266 vero
1024 2221 1092 2266 vel
1138 2221 1233 2266 leve
1274 2219 1512 2280 vestigium
1554 2221 1670 2281 apud

244 2301 288 2342 S.
321 2298 604 2357 Epliraemum
636 2297 800 2342 frustra
836 2297 1092 2356 quaesieris,
1133 2296 1209 2355 qui
1247 2303 1392 2342 tamen
1428 2296 1672 2343 novissima

243 2376 408 2428 omnia,
439 2376 499 2420 uti
527 2375 771 2432 judicium,
800 2376 1168 2420 resurrectionem
1193 2381 1483 2428 mortuorum,
1514 2388 1670 2421 secun-

244 2452 350 2495 dum
378 2452 544 2496 Christi
563 2451 825 2504 adventum,
849 2452 1167 2496 antichristum
1189 2458 1230 2495 et
1255 2453 1670 2497 consummationem

243 2528 414 2579 saeouli,
445 2527 721 2572 carminibus
748 2527 1005 2573 celebravit.

289 2676 335 2714 (1)
363 2675 434 2708 Vid.
455 2684 550 2718 sup,
570 2686 603 2719 p.
623 2677 664 2710 28
682 2686 781 2720 seqq.

289 2740 333 2780 (Ξ)
359 2741 453 2782 §133
473 2750 526 2783 ap.
549 2742 710 2785 wrigm„
730 2753 762 2784 μ.
784 2735 850 2773 ὼ
880 2760 888 2769 .
