1737 2950
760 145 1054 189 ...193-

187 275 276 321 bat.
309 275 574 335 Hujusmodi
602 283 707 321 sunt
735 275 922 322 Judaica
957 275 1225 335 superstitio
1259 282 1304 322 et
1331 275 1617 323 Judaicaruin

186 353 519 399 solemnitatum
546 352 819 406 observatio,
851 352 1036 413 magicae
1061 358 1200 406 arteS,
1228 352 1451 400 diabolica
1470 367 1617 413 ‘praes-

184 430 311 490 tigia,
346 431 680 492 astrologorum
715 429 891 484 deliria,
928 429 1223 476 contubernia
1257 429 1481 491 virginum
1515 444 1617 477 cum

183 507 364 553 clericis
405 513 451 554 et
493 507 676 561 ascetis,
723 513 767 553 et
809 506 880 552 his
922 506 1101 553 similia.
1151 507 1325 563 Quibus
1365 507 1495 568 plura
1533 507 1618 554 alia

184 586 349 633 addere
390 586 513 641 licet,
559 600 659 647 quae
700 586 754 632 ad
789 599 938 632 mores
972 592 1016 632 et
1050 585 1164 632 ritus
1198 585 1641 646 antiquissimorum-

184 663 402 710 Ecclesiae
427 669 680 724 temporum
718 667 925 722 spectant
932 699 1052 708 ......
1083 662 1276 722 Insuper
1299 662 1483 724 adjungi
1508 677 1615 723 pos-

184 747 285 786 sent
307 742 569 786 Sermonum
594 745 874 800 argumenta,
899 752 1090 800 quorum
1116 739 1307 799 plurima
1331 745 1438 786 sunt
1460 746 1618 786 contra

180 817 381 870 sudam,
419 818 503 863 alia
545 817 704 876 primis
740 816 959 862 Ecclesiae
1001 816 1184 862 saeculis
1225 830 1276 862 ac
1314 815 1616 876 scriptoribus

183 902 440 955 congruunt
447 933 545 941 .....
586 895 823 940 Postremo
859 894 974 940 haud
1013 894 1195 940 omnino
1228 893 1412 940 silentio
1453 899 1615 954 praete-

184 973 352 1018 reunda
378 978 447 1018 est
472 972 585 1018 ratio
605 986 655 1017 ac
675 972 836 1017 modus
862 971 1116 1031 exponendi
1143 971 1362 1017 catholica
1386 970 1611 1031 dogmata,

181 1050 383 1109 apprime
409 1049 683 1095 conveniens
708 1047 878 1094 Jacobo
916 1048 1135 1094 Nisibeno
1162 1053 1206 1094 et
1231 1061 1488 1095 consonans
1514 1062 1614 1095 cum

182 1129 430 1187 primorum
456 1128 636 1172 Patrum
673 1126 858 1185 scriptis
883 1126 1197 1185 ac-doctrinis.
1229 1127 1263 1172 E
1288 1126 1470 1173 diverso
1496 1127 1616 1172 nulla

180 1206 355 1264 uspiam
399 1203 566 1249 mentio
606 1203 661 1248 de
705 1202 905 1248 moribus
945 1215 996 1247 ac
1037 1203 1200 1248 ritibus
1247 1202 1439 1263 aliisque
1479 1203 1614 1249 rebus

180 1283 484 1343 posteriorum
509 1287 762 1340 temporum
791 1278 855 1341 (1).
887 1298 908 1320 »
935 1281 1081 1340 Atque
1107 1280 1202 1328 haec
1226 1280 1511 1327 Antonellus.

249 1359 336 1405 Sed
379 1359 495 1405 enim
538 1358 879 1418 haudquaquam
915 1358 1017 1403 talia
1055 1356 1293 1405 sunthaec
1333 1366 1611 1420 argumenta,

180 1443 227 1482 ut
269 1451 350 1482 nos
393 1435 528 1481 docto
571 1434 795 1480 Cardinali
835 1435 1095 1480 consentire
1141 1441 1323 1496 cogant.
1371 1436 1424 1481 Et
1468 1436 1614 1496 primo

179 1513 379 1574 quidem,
404 1526 503 1558 cum
529 1511 621 1557 sint
647 1524 767 1556 mere
786 1513 1011 1569 neqatz'va,
1034 1525 1114 1557 seu
1134 1512 1219 1558 hoc
1245 1527 1379 1558 unum
1399 1513 1608 1573 probent,

181 1590 290 1634 nihil
334 1590 377 1633 in
419 1589 718 1634 Homiliarum
757 1587 960 1640 materia,
1009 1588 1050 1632 in
1095 1587 1301 1634 doctrina
1340 1589 1520 1645 tradita,
1569 1591 1611 1636 in

179 1665 408 1712 scribendi
435 1677 620 1725 genere,
649 1670 760 1717 etc,
791 1664 972 1710 obstare
994 1665 1237 1724 quominus
1269 1665 1358 1713 illae
1382 1666 1612 1727 Episcopo

179 1745 214 1789 N
224 1744 397 1789 isibeno
424 1742 693 1794 tribuantur,
712 1741 836 1799 juxta
863 1755 983 1787 sanae
1009 1742 1170 1802 logicae
1195 1742 1340 1804 leges,
1369 1745 1612 1804 praevalere

179 1834 405 1880 nunquam
445 1825 656 1878 poterunt
690 1818 940 1864 rationibus
973 1821 1176 1877 positivis
1209 1821 1342 1866 simul
1375 1834 1427 1866 ac
1451 1821 1606 1875 certis.

179 1912 289 1958 quas
317 1896 543 1956 Sapientis
571 1896 721 1941 Persae
745 1895 925 1954 juribus
961 1896 1233 1955 patrocinari
1261 1896 1303 1942 in
1330 1897 1610 1959 paragrapho

179 1975 381 2034 proxime
406 1980 673 2033 antegresso
699 1972 1124 2019 demonstravimus.

242 2053 448 2110 Insuper,
478 2050 654 2096 etiamsi
682 2050 760 2095 tibi
798 2050 1018 2103 dederim,
1046 2064 1150 2096 vera
1184 2064 1286 2097 esse
1324 2053 1473 2098 omnia
1508 2067 1610 2114 quae

176 2131 217 2173 in
253 2129 343 2173 illis
379 2128 446 2173 vel
483 2132 818 2186 supponuntur.
858 2127 925 2173 vel
964 2134 1243 2182 asseruntur,
1281 2127 1390 2188 quid
1425 2129 1604 2185 exinde,

173 2219 347 2266 quaeso,
377 2204 623 2249 conficies?
661 2229 707 2236 -—
736 2204 859 2249 Nihil
885 2204 1116 2261 conficies,
1146 2204 1349 2265 nihilque
1374 2205 1473 2266 ipse
1498 2221 1606 2254 con·
1679 2259 1681 2263 ¹
1736 2199 1737 2213 ¹

175 2284 267 2329 sicit
301 2282 587 2334 Antonellus‚
628 2282 714 2327 nisi
753 2283 1050 2327 Homz'lz'arum
1087 2282 1355 2342 scriptorem
1390 2283 1603 2344 antiquis—

175 2362 336 2406 simum
372 2373 476 2405 esse
511 2365 554 2404 et
589 2358 708 2403 circa
743 2357 917 2404 initium
952 2358 1106 2403 saeculi
1133 2359 1188 2405 IV
1214 2359 1396 2406 vixisse.
1426 2359 1484 2406 At
1511 2361 1607 2408 haec

177 2444 296 2490 nota,
327 2450 459 2497 quam
489 2435 643 2495 utique
670 2435 839 2480 lubenti
865 2435 1012 2480 animo
1038 2434 1332 2489 admittimus,
1362 2449 1450 2482 non
1474 2436 1604 2483 Jaco-

173 2514 276 2560 bum
303 2514 512 2574 Magnum
539 2512 682 2573 magis
717 2525 849 2572 quam
886 2511 1154 2572 Aphraatem
1189 2511 1414 2574 indigitat.
1443 2513 1499 2560 Et
1531 2513 1605 2561 hic

216 2681 260 2719 (1)
285 2678 349 2719 op.
369 2678 442 2718 cit„
461 2676 559 2720 praef.
580 2687 638 2720 pp.
660 2678 700 2711 15
712 2681 747 2711 et
764 2678 816 2710 ¹6.
