1737 2950
747 156 1042 197 -176—

189 294 287 340 quae
315 280 447 326 tidem
485 279 705 339 ejusmodi
744 281 1047 326 monumentis
1084 287 1128 326 et
1165 281 1477 328 auctoritatem
1513 295 1623 329 con·

188 357 341 403 ciliare
368 363 576 418 possunt.
611 357 787 404 Primus
813 357 931 403 enim
959 357 1142 404 indiciis
1178 358 1368 404 internis
1393 365 1442 405 ut
1466 358 1621 406 saeculi

187 435 240 479 Vl
269 435 422 480 foetum
449 449 552 481 sese
589 435 822 481 manifeste
860 434 1034 495 prodit;
1075 435 1164 481 duo
1199 435 1361 496 reliqui
1398 443 1442 482 et
1476 436 1621 496 scrip-

188 512 325 558 tionis
350 527 444 559 suae
469 526 652 566 annum,
681 511 775 556 474
815 525 974 571 nempe
1006 525 1056 558 ac
1093 510 1186 557 512
1225 519 1330 572 post
1364 512 1493 568 Chr„
1524 513 1623 573 ipsa

186 590 471 636 librariorum
510 603 639 634 manu
679 589 919 647 adjectum,
948 595 992 634 et
1025 588 1261 648 quamdam
1296 589 1487 635 fatorum
1521 603 1621 649 quae

186 667 357 727 experti
384 667 475 713 sint
512 666 850 719 indicationem,
881 665 1050 711 notulis
1086 679 1110 710 a
1145 665 1312 711 scribis
1338 666 1408 713 vel
1433 681 1457 712 a
1482 667 1622 715 lecto-

186 745 310 791 ribus
345 745 678 806 posterioribus
717 743 1047 803 consignatam,
1089 757 1181 803 prae
1218 757 1268 790 se
1303 744 1466 792 ferunt.

248 823 473 876 Jamvero,
497 822 540 866 in
562 821 672 867 Cod.
691 820 745 874 A,
760 820 922 881 viginti
942 820 1130 866 duarum
1150 822 1452 879 Epistolarum
1471 823 1621 883 alpha-

185 898 274 944 beti
296 898 455 944 ordine
481 897 804 958 dispositarum
830 896 993 943 seriem
1021 897 1116 943 haec
1141 897 1389 958 epigraphe
1415 898 1584 945 claudit
1606 915 1614 945 :

185 997 205 1017 α
231 978 450 1024 Absoluta
476 983 544 1023 est
570 976 820 1036 descriptio
846 975 1037 1022 duorum
1064 982 1108 1022 et
1132 975 1293 1036 viginti
1320 977 1620 1034 Epistolarum

184 1055 410 1114 Sapientis
450 1055 624 1108 Persae,
663 1073 684 1094 »
721 1060 765 1099 et
797 1053 980 1107 ibidem,
1022 1067 1045 1098 a
1077 1052 1164 1098 line
1198 1054 1538 1099 Dissertationis
1568 1054 1622 1100 de

183 1133 327 1184 acino,
358 1132 519 1187 lector,
547 1130 619 1176 cui
660 1143 822 1175 nomen
863 1129 1091 1183 Zacllaeus,
1124 1129 1208 1175 ista
1243 1129 1414 1176 notavit
1445 1147 1456 1175 :
1494 1148 1516 1171 «
1542 1129 1618 1176 Sa-

183 1208 313 1267 piens
358 1208 495 1253 Persa
537 1207 604 1254 vir
645 1206 874 1266 perfectus
921 1212 964 1252 et
1005 1205 1185 1252 divinus
1234 1207 1316 1252 fuit
1325 1243 1464 1253 .......
1516 1207 1620 1267 Ipse

182 1285 423 1342 Epistolam
451 1284 563 1329 hanc
589 1283 793 1343 scripsit,
824 1296 1012 1342 eamque
1049 1282 1103 1328 ad
1139 1283 1344 1329 abbatem
1381 1283 1618 1344 quemdam

183 1362 320 1408 misit.
352 1382 373 1403 »
415 1362 516 1407 Pari
555 1361 688 1406 modo
724 1360 1002 1420 subscriptio
1033 1359 1143 1406 Cod.
1184 1361 1217 1405 B
1251 1361 1397 1406 decem
1426 1362 1616 1419 priore-3,

183 1446 225 1485 et
253 1438 530 1498 subscriptio
559 1438 670 1484 Cod.
701 1440 736 1483 B
760 1451 908 1483 omnes
944 1438 1185 1495 Epistolas‚
1221 1456 1243 1478 «
1267 1451 1366 1496 quoe
1388 1445 1495 1483 sant
1519 1438 1622 1483 duoe

181 1525 222 1561 et
247 1518 408 1574 viqz'nti
433 1517 708 1573 alphabetico
727 1516 881 1560 ordine
906 1515 1106 1573 diqestce,
1131 1528 1310 1572 unaque
1334 1516 1396 1560 De
1419 1516 1564 1568 acino,
1595 1533 1618 1555 »

183 1594 383 1654 Sapienti
422 1594 573 1639 Persae
608 1593 782 1638 auctori
820 1591 1063 1638 vindicant.
1097 1592 1207 1637 Cum
1235 1591 1402 1652 itaque,
1433 1591 1489 1637 iis
1515 1605 1621 1638 con-

181 1670 393 1716 sideratis
429 1684 528 1730 quae
560 1669 766 1729 opusculi
802 1668 933 1727 hujus
969 1673 1084 1728 part.
1128 1668 1163 1722 1,
1204 1681 1302 1728 cap.
1344 1668 1378 1722 1,
1415 1667 1617 1728 disputa-

181 1748 343 1800 vimus,
373 1747 579 1792 dubitare
613 1760 744 1792 nemo
777 1745 943 1805 possit,
973 1744 1180 1790 eumdem
1211 1758 1315 1791 esse
1342 1745 1617 1803 Aphraatem

181 1826 257 1885 qui
283 1827 468 1883 Sapiens
494 1826 648 1878 Persa,
679 1823 992 1869 consentiente
1018 1821 1280 1868 testimonio
1306 1821 1514 1868 codicum
1539 1821 1616 1882 qui
1670 1871 1673 1875 Α

182 1902 379 1947 tulerunt
403 1907 578 1948 aetatem
598 1905 794 1952 constat,
821 1900 1040 1958 Epistolas
1058 1897 1217 1958 viginti
1240 1904 1331 1944 tres
1350 1912 1374 1943 a
1388 1897 1617 1958 Wrightio
1694 1899 1697 1907 '

182 1977 325 2023 editas
349 1979 572 2035 Aphraatz'
598 1976 813 2035 scriptori
840 1974 1104 2021 tribuendas
1131 1987 1251 2020 esse.

214 2142 268 2187 11.
316 2145 641 2199 Arqamentum
676 2155 733 2186 esc
766 2143 1036 2198 scriptoram
1065 2141 1278 2199 Syrorum
1313 2140 1576 2185 testimonio.

244 2285 396 2330 Altera
421 2284 645 2343 probatio,
676 2297 776 2343 quae
802 2289 846 2328 et
870 2284 968 2342 ipsa
995 2297 1046 2328 ex
1072 2282 1128 2329 iis
1155 2296 1256 2342 quae
1282 2282 1326 2327 in
1352 2280 1613 2341 praeceden-
1683 2326 1698 2354 L

181 2360 300 2405 tibus
344 2360 513 2420 passim
563 2359 828 2404 tradidimus
877 2359 998 2404 velut
1044 2364 1208 2418 sponte
1254 2371 1306 2403 ac
1354 2356 1614 2403 necessario

179 2439 363 2498 prodit,
415 2444 700 2498 mentemque
748 2437 989 2497 percellit,
1040 2435 1254 2482 consistit
1302 2434 1347 2480 in
1394 2434 1613 2495 suffragio

178 2520 410 2560 auctorum
440 2514 517 2573 qui
551 2513 789 2574 Aphraatis
826 2513 1061 2567 Ηονηὶἰὶαε,
1099 2512 1153 2558 ab
1190 2511 1291 2557 aliis
1325 2510 1454 2557 aliter
1488 2509 1611 2556 desi-

178 2595 351 2649 gnatas,
380 2595 804 2641 commemorarunt,
834 2589 930 2635 sive
956 2587 1277 2648 primigenium
1303 2586 1457 2647 operis
1481 2585 1611 2645 cujus

180 2666 477 2712 meminerunt
515 2671 682 2712 textum
719 2666 771 2711 ad
818 2679 993 2711 manum
1043 2664 1274 2718 haberent,
1315 2663 1411 2710 sive
1447 2662 1609 2712 librum
