1737 2950
713 140 984 182 -10-

100 262 367 326 'susceperit
403 266 470 326 (⁴).
513 266 578 311 lta
616 264 755 326 igitur
797 264 944 320 decet,
982 264 1258 318 charissimi,
1299 265 1353 310 ab
1396 279 1450 312 eo
1493 268 1570 327 qui

117 343 276 404 jugum
313 341 482 388 Christi
525 346 676 402 portat
712 341 799 388 hoc
837 342 881 386 in
920 341 1113 401 puritate
1152 342 1392 389 servari.»
1423 370 1485 376 —
1517 344 1572 388 Et

122 420 218 466 haec
258 419 442 480 quidem
494 419 758 472 ostendunt,
787 418 1057 465 coenobitam
1100 418 1241 464 fuisse
1273 419 1417 465 virum
1446 420 1570 466 illum

123 495 201 556 qui
228 495 420 556 Sapiens
441 495 579 541 Persa
603 501 805 541 vocatur.

189 571 237 616 In
281 571 405 617 clero
441 577 589 616 autem
629 571 928 617 constitutum
967 584 1067 616 eum
1107 570 1247 616 fuisse
1286 572 1495 630 probant,
1528 578 1573 618 ut

123 646 231 696 mihi
260 646 456 700 videtur,
487 660 537 693 ea
564 661 665 707 quae
692 646 880 706 scripsit
906 647 948 691 in
979 647 1106 692 initio
1133 648 1340 704 Epistolce
1366 661 1445 692 seu
1471 649 1572 694 Dis-

121 724 400 776 sertationis,
431 737 563 783 quam
591 724 853 783 composuit
879 724 934 769 de
961 723 1253 769 contentione
1275 729 1318 768 et
1343 723 1570 778 dissidiis,

122 799 260 846 variis
286 799 330 844 in
358 799 472 845 locis
499 805 689 859 propter
724 800 1042 860 gloriationem
1078 806 1121 845 et
1156 800 1415 859 superbiam
1455 801 1574 847 exis-

123 875 341 929 tentibus,
371 881 416 921 et
440 876 496 922 de
519 876 938 922 concertationibus
967 876 1249 936 principatus
1266 890 1401 922 causa
1428 877 1569 923 initis.

125 956 229 1000 Haec
265 952 326 997 ibi
366 952 587 998 habentur
629 952 677 1013 (a)
720 969 727 997 :
768 971 790 994 «
817 952 1056 998 Scribendi
1093 954 1337 1010 Epistolam
1372 953 1485 999 hanc
1522 953 1575 998 ad

124 1030 285 1076 fratres
307 1036 511 1084 nostros,
549 1044 709 1077 omncs
736 1030 956 1076 Ecclesiae
984 1028 1185 1091 filios(3'),
1218 1030 1293 1089 qui
1315 1030 1511 1076 diversis
1533 1030 1575 1074 in

124 1106 391 1167 regionibus
417 1106 607 1167 degunt,
639 1107 882 1153 consilium
910 1107 1133 1166 cepimus,
1171 1106 1276 1151 dum
1309 1107 1577 1167 congregati

125 1197 283 1230 sumus
331 1183 398 1244 (4),
445 1198 529 1230 nos
577 1185 644 1243 (5),
692 1184 930 1244 Episcopi,
979 1183 1255 1244 presbyteri,
1308 1183 1487 1229 diaconi
1535 1191 1579 1230 et

125 1260 275 1306 omnis
295 1261 491 1307 ecclesia
513 1261 612 1315 Dei,
637 1275 725 1307 una
744 1275 845 1307 cum
869 1261 1095 1306 universis
1121 1260 1346 1306 variorum
1374 1260 1578 1306 locorum

127 1337 285 1384 liberis
306 1337 422 1396 ejus,
447 1338 524 1398 qui
546 1338 786 1384 nobiscum
808 1343 931 1384 sunt.
954 1338 1186 1383 Fratribus
1208 1337 1379 1383 nostris
1400 1337 1579 1383 carissi-

127 1415 232 1469 mis,
265 1415 528 1475 Episcopis,
560 1415 864 1476 presbyteris,
896 1415 1120 1468 diaconis,
1152 1415 1271 1460 sicut
1297 1420 1341 1460 et
1367 1415 1579 1461 omnibus

131 1492 349 1538 Ecclesiae
398 1492 576 1546 liberis,
624 1493 700 1553 qui
744 1492 981 1539 vobiscum
1026 1498 1148 1545 sunt,
1191 1491 1406 1538 universo
1445 1492 1579 1538 etiam

129 1568 298 1629 populo
326 1568 404 1614 Dei
433 1569 674 1622 Seleuciae,
706 1568 1004 1628 Ctesiphonte
1038 1575 1171 1628 atque
1206 1582 1287 1627 per
1323 1568 1446 1614 varia
1484 1569 1581 1614 loca

127 1645 358 1698 existenti,
385 1646 445 1691 sit
471 1645 514 1690 in
544 1645 756 1700 Domino,
788 1646 881 1691 Deo
908 1659 958 1690 ac
984 1645 1271 1691 vivificatore
1301 1651 1477 1699 nostro,
1504 1646 1580 1705 qui

129 1737 212 1783 per
248 1722 477 1768 Christum
516 1737 646 1769 suum
690 1723 826 1769 vitam
869 1723 994 1769 dedit
1033 1723 1165 1768 nobis
1210 1736 1385 1782 nosque
1428 1722 1482 1767 ad
1531 1737 1581 1768 se

130 1800 329 1854 attraxit,
360 1814 443 1860 pax
471 1815 648 1861 magna.
685 1820 706 1841 n
748 1801 805 1846 Ut
837 1801 979 1853 vides,
1014 1801 1141 1846 hisce
1179 1799 1349 1845 indicat
1390 1799 1580 1859 Sapiens

130 1877 269 1922 Persa
294 1889 396 1921 sese
423 1876 546 1921 clero
570 1883 914 1922 annumeratum
944 1877 1102 1929 fuisse,
1129 1876 1250 1936 quod
1277 1876 1576 1922 asseruimus.

197 1952 387 1999 Ubinam
429 1966 536 1998 vero
581 1959 954 2007 commoraretur,
1004 1953 1228 2006 Nisibine‚
1266 1959 1313 1998 ut
1349 1959 1579 1999 autumant

176 2118 223 2158 t3)
248 2116 344 2166 Ιιρ
370 2111 472 2165 ...ἶς’
497 2116 589 2157 filios
608 2117 784 2151 Ecclesioe.
805 2120 853 2152 Nc
872 2118 953 2161 quis
973 2117 1145 2151 vocabula
1168 2117 1288 2150 Latina
1305 2117 1396 2158 filios
1416 2117 1582 2151 Ecclesioe

132 2191 240 2220 sensu
259 2191 278 2216 a
297 2187 417 2217 mente
435 2183 592 2217 auctoris
611 2183 730 2219 alieno
749 2186 915 2228 accipiat,
934 2185 1155 2219 monendum
1176 2193 1319 2222 censeo.
1339 2184 1583 2227 appellatione

127 2235 277 2283 'syriaca
304 2239 396 2289 lg>
421 2233 525 2282 ..f-e,
558 2239 614 2272 cui
640 2239 697 2273 illa
725 2241 943 2274 verbotenus
972 2240 1207 2282 respondent,
1226 2249 1268 2273 cx
1291 2248 1359 2273 usu
1387 2240 1581 2277 constanti.

135 2317 206 2343 non
223 2308 343 2349 fideles
360 2312 613 2348 quoscumque,
633 2304 695 2337 sed
722 2304 818 2337 viros
845 2305 1098 2338 ecclesiasticos
1125 2312 1187 2337 seu
1214 2304 1357 2337 clericos
1385 2304 1581 2347 designari.

177 2366 224 2405 (4)
248 2365 420 2406 Suppono
440 2360 648 2394 hieracium
665 2368 746 2393 esse
763 2360 858 2402 quod
880 2360 914 2392 in
934 2359 1112 2401 ejusmodi
1132 2359 1240 2392 rebus
1269 2357 1344 2391 ficri
1372 2359 1478 2397 solet,
1504 2358 1583 2400 ipso

136 2418 209 2459 illo,
227 2426 299 2461 quo
316 2423 512 2451 consessus
530 2413 735 2452 haberetur,
756 2418 930 2456 tempore.
949 2413 1145 2452 Epistulam
1167 2413 1211 2445 ab
1234 2413 1411 2454 Aphraate
1437 2421 1479 2445 ex
1507 2420 1583 2446 om-

134 2473 235 2507 nium
264 2470 443 2507 sententia
470 2473 578 2512 atque
606 2469 818 2503 auctoritate
857 2469 1041 2511 scriptam.
1085 2467 1122 2500 td
1168 2473 1287 2501 tamen
1327 2475 1400 2501 non
1433 2467 1585 2510 exigunt

136 2527 244 2562 verba
261 2526 402 2569 Syriaca
427 2532 598 2583 <⁶⁴4³
616 2539 676 2574 ..m
691 2532 783 2567 quae,
797 2523 826 2558 si
840 2532 902 2566 per
914 2532 952 2557 se
970 2528 1172 2563 sumantur,
1189 2522 1278 2556 verti
1293 2521 1400 2556 etiam
1416 2527 1580 2564 possent:

137 2594 222 2626 dum
238 2594 442 2634 conqreqati
459 2600 628 2626 essemus.

181 2647 230 2687 (5)
269 2655 360 2704 ῗκ...
389 2655 590 2689 pronomen
620 2646 721 2680 deest
747 2645 840 2687 apud
868 2643 1263 2687 Aphraaten1‚loc.cit.
1294 2644 1447 2677 Sensum
1467 2646 1586 2676 tamen
