1737 2950
711 148 979 190 ‚27-

193 282 413 339 Quamdiu
439 289 583 329 autem
617 283 873 344 regnaverit
906 284 1221 346 unusquisque
1247 299 1301 331 ex
1328 285 1568 345 imperato·
1622 339 1627 343 ‚

126 358 252 406 ribus
294 359 554 406 memoratis
591 359 696 406 hinc
734 360 958 406 novimus.
997 360 1227 416 Socrates,
1267 361 1384 408 libro
1420 363 1567 424 primo

125 449 220 482 suae
250 437 458 482 Historiae
490 437 823 494 ecclesiasticae,
862 437 1009 498 capite
1047 437 1418 499 quadragesimo,
1449 440 1567 486 scri-

128 513 192 560 bit
226 530 234 559 z
266 533 290 556 «
314 514 433 561 Vixit
468 519 615 561 autem
655 514 899 576 imperator
937 514 1263 562 Constantinus
1300 531 1444 563 annos
1483 516 1564 574 65,

125 603 178 637 ex
203 590 369 651 quibus
395 589 451 636 31
483 590 703 651 regnavit.
733 609 755 632 »
785 590 976 649 Ibidem,
1005 591 1154 652 capite
1192 590 1255 638 45
1294 592 1397 638 libri
1432 594 1470 640 ΙΙ
1495 594 1566 655 (1),

126 666 320 728 legimus
350 683 358 713 :
391 686 413 709 «
436 667 557 715 Vixit
594 667 887 714 Constantius
924 682 1067 714 annos
1104 666 1183 726 45,
1221 682 1274 715 ex
1309 669 1475 730 quibus
1509 669 1570 716 38

126 744 348 805 regnavit,
394 750 487 792 tres
531 745 716 806 quidem
761 758 862 792 cum
906 750 1033 805 patre
1070 759 1153 792 suo
1197 743 1245 809 (2)
1277 752 1322 792 et
1363 745 1424 792 <25
1467 754 1572 807 post

125 821 266 882 patris
309 821 498 869 obitum.
547 841 570 864 »
615 822 804 876 Ibidem,
851 822 955 868 libri
1003 822 1125 868 tertii
1169 823 1317 884 capite
1362 822 1423 870 16
1464 822 1512 887 (3)
1557 842 1566 872 z

126 899 383 946 «Julianus
422 899 563 961 igitur
601 900 642 945 in
683 899 921 946 consulatu
963 914 1046 946 suo
1085 905 1264 961 quarto,
1300 915 1434 961 quem
1469 916 1572 949 cum

123 976 339 1023 Sallustio
379 977 543 1038 gessit,
574 977 647 1023 die
685 976 746 1023 26
786 977 957 1024 mensis
995 977 1195 1024 Thomuz
1232 977 1387 1039 (Julii),
1419 978 1462 1024 in
1500 993 1570 1025 re-

123 1055 259 1116 gione
285 1055 525 1101 Persarum
554 1061 758 1102 mortuus
783 1061 871 1109 est,
905 1055 969 1101 uti
997 1070 1135 1115 supra
1160 1055 1270 1102 dixi.
1304 1056 1387 1102 Hic
1423 1062 1571 1103 autem

123 1138 218 1178 erat
253 1131 415 1178 tertius
457 1145 600 1178 annus
644 1131 823 1191 imperii
866 1132 1028 1192 ipsius.
1066 1151 1088 1173 »
1127 1132 1317 1186 Ibidem,
1364 1133 1468 1178 libri
1510 1134 1571 1178 ΙΙΙ

122 1208 269 1269 capite
295 1206 357 1254 20
385 1208 453 1269 (4),
483 1208 677 1269 loquens
703 1208 759 1255 de
793 1208 982 1255 Joviano
1010 1209 1301 1269 imperatore,
1332 1209 1430 1256 haec
1470 1224 1571 1270 pro-

122 1285 210 1331 fert
239 1301 247 1330 :
280 1304 301 1326 «
329 1286 483 1346 ltaque
510 1284 552 1329 in
580 1285 681 1331 loco
708 1299 845 1345 supra
880 1284 1094 1341 indicato,
1123 1291 1328 1345 tempore
1366 1286 1564 1341 hiemali,

120 1362 381 1409 infirmitate
407 1376 564 1409 renum
591 1360 637 1423 (5)
665 1362 884 1409 laboravit
908 1368 1043 1423 atque
1081 1363 1212 1416 obiit,
1245 1364 1347 1423 ipso
1388 1370 1432 1410 et
1456 1364 1564 1411 Var-

122 1439 309 1486 roniano
353 1439 446 1486 filio
484 1438 768 1493 consulibus,
815 1438 889 1485 die
927 1438 987 1483 17
1026 1439 1196 1485 mensis
1234 1439 1433 1486 Schebot
1472 1437 1569 1502 (Fe-

120 1519 321 1579 bruarii),
345 1525 587 1580 postquam
614 1533 795 1566 menses
823 1518 849 1563 7
877 1519 1083 1580 regnavit
1109 1525 1152 1565 et
1177 1519 1288 1566 vixit
1313 1534 1456 1566 annos
1483 1518 1562 1567 33.

121 1596 261 1643 Porro
289 1597 403 1642 liber
435 1596 508 1642 hic
547 1595 610 1642 3us
634 1596 955 1656 complectitur
991 1604 1168 1657 tempus
1200 1610 1420 1643 annorum
1458 1596 1486 1643 3
1523 1602 1568 1643 et

120 1671 146 1718 2
174 1673 396 1720 mensium
422 1671 486 1736 (6).
517 1692 540 1714 »
568 1673 758 1728 Ibidem,
789 1672 893 1720 libri
930 1674 985 1721 IV
1015 1673 1162 1734 capite
1189 1672 1250 1719 35
1277 1673 1344 1734 (7),
1376 1674 1568 1735 loquens

119 1750 174 1797 de
214 1751 400 1798 Valente
443 1751 714 1811 imperatore
766 1767 774 1797 :
824 1769 847 1792 «
877 1750 997 1798 Vixit
1039 1758 1187 1798 autem
1233 1765 1377 1798 annos
1421 1750 1482 1798 50
1525 1757 1569 1798 et

164 1906 210 1944 (1)
235 1906 306 1946 Cap
341 1904 380 1936 47
402 1903 436 1936 in
456 1903 583 1937 valesii
603 1903 775 1944 editione,
794 1903 889 1946 apud
908 1903 1038 1948 Migne.

164 1961 212 2000 (ἰ)
238 1958 479 2002 Corrigendus
496 1958 631 1992 librarii
646 1958 899 2002 lapsus,quem
916 1963 1106 1993 contextus
1121 1959 1197 2001 ipse
1211 1959 1361 1994 indicat:
1380 1959 1570 2002 legendum

119 2022 260 2057 nempe,
278 2022 359 2048 curn
379 2017 474 2047 textu
492 2015 613 2047 Graeco
629 2013 798 2048 editionis
816 2014 1024 2054 Valesianae,
1047 2017 1098 2055 ¹3,
1123 2011 1198 2077 :W
1216 2040 1225 2056 ,
1246 2015 1323 2049 loco
1340 2012 1437 2078 5*ss
1467 2043 1476 2053 .

161 2083 209 2121 (3)
234 2083 320 2122 Cap.
340 2081 374 2113 2¹
398 2080 432 2113 in
452 2080 537 2114 edit.
562 2081 637 2120 cit:
657 2080 717 2115 ubi
743 2086 779 2115 et
806 2090 871 2124 pro
904 2091 1027 2116 mense
1057 2082 1233 2124 Thornia,
1263 2083 1323 2126 qui
1353 2089 1408 2118 est
1435 2085 1572 2128 Julius,

119 2135 230 2170 habes
248 2135 400 2170 lunium

162 2193 208 2232 (4)
233 2193 318 2234 Cap.
338 2193 382 2226 26
400 2191 433 2225 in
454 2191 538 2225 edit.
560 2192 621 2225 cit.

163 2260 208 2299 (5)
234 2255 431 2306 σιικΔοᾉρ
446 2259 588 2305 uma:
606 2263 661 2292 est
677 2257 878 2300 infirmitas
892 2269 1019 2295 renum
1049 2263 1170 2297 Graece
1184 2262 1336 2297 babetur
1359 2252 1570 2306 ’ἔμφραξεως

118 2344 271 2376 ramma,
301 2329 322 2362 i.
343 2337 374 2362 e.
393 2326 645 2361 obstruceionis
664 2328 818 2360 morbus.
844 2326 932 2361 Hinc
953 2328 1068 2370 possit
1093 2337 1164 2363 non
1184 2337 1290 2363 nemo
1307 2331 1487 2372 conjicere
1505 2340 1570 2374 pro

118 2387 281 2437 ikkia
306 2394 495 2439 legendum
521 2393 669 2439 izuh-a,
685 2393 890 2434 prohibitio,
910 2394 1090 2435 cohibitio,
1116 2396 1277 2430 retentio.
1306 2398 1426 2439 Neque
1453 2402 1569 2432 tamen

119 2460 194 2495 haec
219 2460 394 2495 correctio
424 2460 642 2499 necessaria,
673 2468 754 2494 cum
787 2460 897 2502 priori
930 2461 1037 2494 etiam
1072 2462 1218 2496 nomine
1247 2462 1429 2506 designari
1464 2468 1573 2507 queat

119 2526 267 2560 morbus
285 2527 357 2564 ille,
375 2526 435 2568 qui
454 2534 472 2559 a
490 2527 634 2560 Socrate
658 2513 835 2567 ἵμΦΡαξσσ
863 2530 1012 2560 vocatur
1026 2531 1062 2560 et
1076 2527 1172 2569 apud
1188 2527 1347 2562 medicos
1366 2529 1570 2572 stranguria

118 2589 180 2614 seu
201 2581 316 2615 urinae
334 2580 515 2624 angustiae
532 2581 647 2615 audit.

160 2636 207 2675 (6)
232 2637 294 2678 Ap.
315 2635 432 2679 Migne
450 2647 458 2670 ε
482 2635 674 2671 Annorum
692 2637 848 2670 duorum
867 2640 898 2670 et
918 2638 1098 2671 mensium
1117 2638 1286 2680 quinque.

163 2691 210 2731 (7)
235 2693 319 2734 Cap.
336 2692 381 2724 58
397 2698 456 2733 ap.
476 2690 607 2734 nigne.
