1737 2950
770 155 1056 197 „106—

200 294 282 326 nee
310 280 495 326 libidine
521 281 638 340 turpi
669 279 841 326 seduci.
884 279 1086 340 itemque
1124 280 1316 343 mulieri,
1347 280 1434 326 nisi
1470 294 1494 324 a
1531 294 1621 325 mo-

200 357 342 402 nacho
377 356 594 410 discedat,
624 357 878 402 consultius
902 363 973 402 est
997 362 1044 402 ut
1069 356 1249 416 publice
1280 357 1432 403 nubat.
1463 356 1622 402 Foemi-

200 448 298 478 uam
327 433 465 494 igitur
489 448 590 480 cum
616 435 812 496 l'oemiua,
837 434 979 479 virum
1000 448 1100 479 oum
1126 434 1223 480 viro
1250 434 1448 480 habitare
1474 433 1620 481 decet.

202 510 385 556 Maritus
411 510 542 556 etiam
568 511 643 571 qui
670 510 990 557 continentiam
1018 524 1197 556 servare
1222 511 1396 566 statuit7
1418 524 1624 557 seorsum

197 588 251 634 ab
294 602 430 635 uxore
473 588 656 642 habitet,
705 603 758 634 ne
806 594 1054 635 revertatur
1099 589 1152 635 ad
1201 590 1398 650 priorem
1446 589 1624 636 vivendi

199 666 417 711 rationem
460 674 504 712 et
546 667 661 712 iuter
702 667 930 713 adulteros
979 674 1278 728 computetur.
1327 667 1625 724 Quamobrem

201 743 284 788 hoc
311 750 380 789 est
405 744 645 790 consilium
683 745 938 797 honestum,
969 745 1244 792 conveniens
1281 759 1331 791 ac
1367 745 1621 805 pulchrum,

197 822 313 880 quod
336 823 389 868 do
413 832 452 868 et
479 825 588 868 milti
612 831 652 868 et
678 824 813 876 vobis,
842 823 1081 875 carissimi,
1109 823 1330 877 monachi,
1360 823 1436 884 qui
1463 836 1626 869 uxores

201 912 288 943 non
316 899 498 953 dueitis,
530 900 745 960 virgines,
774 914 874 960 quse
911 900 1089 946 inuubae
1128 900 1418 960 permanetis,
1457 913 1626 960 vosque

200 991 356 1022 omnes
399 978 472 1037 qui
513 977 835 1023 continentiam
878 977 1072 1038 diligitis
1098 976 1146 1038 (1)
1187 995 1194 1023 :
1231 978 1419 1037 justum,
1459 977 1627 1023 decens

199 1062 331 1115 atquc
374 1056 587 1101 decorum
630 1062 698 1101 est
738 1069 1123 1116 unumquemque,
1168 1056 1344 1102 etiamsi
1386 1055 1626 1102 afflictione

200 1142 442 1193 prematur,
482 1134 730 1178 solitarium
775 1147 968 1179 manere.
1011 1135 1074 1181 Eo
1118 1148 1306 1194 namque
1346 1133 1480 1180 modo
1522 1147 1627 1180 con—

199 1210 320 1256 venit
347 1210 554 1270 singulos
581 1210 798 1264 habitare,
828 1210 883 1256 de
909 1225 998 1270 quo
1024 1211 1140 1271 apud
1166 1211 1404 1257 ,Ieremiam
1431 1210 1624 1270 prophe·

201 1294 286 1333 tam
309 1285 355 1349 (ρ)
386 1304 393 1331 ;
427 1290 590 1333 Beatus
615 1289 685 1332 vir
708 1290 786 1346 qui
811 1289 974 1347 juqum
1000 1296 1128 1334 tuum
1151 1291 1200 1334 in
1222 1289 1520 1334 adolescentia
1541 1302 1626 1334 sua

196 1366 418 1423 portabit!
459 1365 629 1409 Sedebit
661 1366 894 1410 solitarius
929 1372 971 1410 et
1008 1367 1182 1419 tacebit,
1227 1367 1438 1424 quoniam
1464 1366 1627 1423 jugum

200 1450 327 1487 tuum
353 1444 399 1486 in
424 1456 470 1486 se
493 1444 753 1500 susceperit.
785 1443 847 1486 Ita
874 1442 1011 1501 igitur
1047 1442 1194 1496 decet,
1224 1441 1466 1496 carissimi,
1495 1442 1550 1488 ab
1574 1455 1627 1488 eo

200 1520 274 1579 qui
300 1518 467 1564 Christi
487 1518 645 1578 jugum
674 1526 821 1578 portat
846 1519 930 1564 hoe
957 1519 1000 1563 in
1027 1519 1220 1578 puritate
1246 1519 1433 1565 servari.
1469 1538 1490 1560 »

269 1595 378 1639 Dum
407 1595 555 1654 itaque
575 1594 822 1653 Aphraates
848 1595 1086 1641 consilium
1114 1596 1166 1640 ad
1194 1595 1436 1641 monachos
1457 1600 1626 1641 tantum

201 1679 244 1717 et
271 1672 501 1726 moniales,
543 1678 588 1716 ut
624 1685 674 1716 ex
714 1672 809 1730 ejus
847 1671 997 1717 verbis
1034 1678 1170 1731 patet,
1211 1672 1449 1724 directum,
1486 1671 1539 1716 ad
1578 1685 1627 1717 se

201 1763 380 1808 quoque
414 1749 658 1807 pertinere,
695 1749 874 1808 sibique
913 1749 1019 1794 utile
1055 1763 1157 1795 esse
1183 1748 1386 1803 affirmat,
1427 1749 1626 1809 seipsum

203 1826 244 1869 in
274 1825 590 1870 monachorum
619 1839 803 1870 censum
829 1826 1066 1871 manifesto
1094 1826 1244 1871 refert.

268 1903 423 1961 Neque
448 1903 615 1960 opponi
643 1908 817 1961 posset,
842 1903 895 1947 ad
922 1902 1009 1947 vim
1035 1902 1287 1962 argumenti
1312 1901 1628 1948 destruendam

201 1985 275 2024 aut
301 1978 576 2031 elevandam,
607 1979 845 2023 consilium
886 1978 1011 2031 illud,
1035 1977 1160 2037 juxta
1186 1983 1438 2024 contextam
1463 1977 1628 2023 oratio·

203 2070 320 2107 nem,
362 2056 493 2101 etiam
537 2055 808 2116 conjugibus
850 2055 1084 2108 destinari,
1130 2069 1338 2115 quorum,
1383 2054 1629 2115 superstite

203 2139 395 2192 utroque
437 2131 828 2183 contrahentium,
876 2131 1050 2176 firmum
1097 2138 1236 2177 staret
1277 2131 1624 2177 matrimonium.

203 2212 311 2266 Quae
337 2211 455 2256 enim
494 2211 594 2256 loco
633 2210 768 2255 citato
806 2209 861 2254 de
899 2211 1059 2254 marito
1095 2215 1137 2254 et
1173 2222 1313 2254 uxore
1347 2208 1625 2260 inseruntur,

202 2287 494 2348 intelligenda
520 2294 639 2335 sunt.
669 2287 769 2347 ipso
795 2286 1016 2346 Aphraate
1042 2292 1173 2339 teste,
1195 2285 1249 2331 de
1276 2284 1497 2344 ejusmodi
1520 2298 1633 2331 eon-.

197 2363 401 2423 jugibus,
450 2364 544 2423 qui,
591 2370 636 2408 ut
680 2363 721 2407 in
766 2363 976 2422 primaeva
1024 2361 1224 2407 Ecclesia
1264 2360 1433 2421 passim
1475 2360 1624 2414 fiebat,

247 2529 292 2565 (¹)
324 2546 330 2554 ·
358 2519 538 2578 lamro
563 2523 697 2565 oxa-52
734 2513 892 2575 <2⁴30
916 2537 935 2556 «
956 2526 1092 2566 Vosque
1123 2532 1243 2558 omnes
1273 2524 1336 2566 qui
1373 2523 1629 2558 continentiam

202 2582 367 2624 diligitis.
383 2593 403 2611 n
421 2583 468 2615 De
487 2582 592 2624 liujus
611 2581 712 2615 incisi
732 2590 841 2615 sensu
859 2579 991 2614 videsis
1017 2588 1096 2622 quae
1123 2588 1216 2621 sun,
1244 2588 1278 2621 p.
1307 2580 1359 2618 15,
1377 2577 1445 2612 sub
1470 2576 1630 2611 numeris

200 2640 221 2673 ³
237 2644 272 2672 et
289 2640 308 2670 4
326 2637 539 2671 notavimus.

246 2695 293 2733 (9.)
319 2693 449 2727 Thren.
473 2694 532 2731 ΙΙΙ,
552 2693 606 2733 27,
626 2693 676 2725 28.
