1737 2950
705 189 891 231 —301
957 212 1002 219 ——

142 315 261 363 landi
303 315 558 362 facultatem
600 314 826 361 tribuente
862 313 1032 374 Spiritu
1072 326 1206 373 quem
1240 312 1485 366 induerint,
1521 325 1586 358 re·

141 407 371 455 gnumque
397 392 518 454 quod
547 392 661 453 ipsis
687 391 740 438 ab
762 390 891 438 initio
918 396 1219 452 praeparatum
1246 395 1315 436 est
1340 389 1583 450 accipient.

141 470 371 517 Animales
409 476 567 517 contra
605 470 648 515 in
686 476 805 516 terra
842 468 1102 523 manebunt,
1132 482 1375 529 corporum
1403 481 1588 514 suorum

141 548 362 610 gravitate
402 548 601 602 detenti,
640 547 1012 608 descendentque
1049 546 1093 592 in
1129 545 1352 592 infernum
1390 545 1463 592 ubi
1503 546 1591 592 erit

141 623 277 672 fletus
303 631 348 672 et
373 625 546 673 stridor
571 625 790 672 dentium.
828 644 851 666 »

207 702 355 765 Atque
381 704 479 750 haec
507 703 698 764 Sapiens
725 703 880 750 Persa.
910 703 958 747 In
997 701 1083 748 ista
1118 706 1265 747 autem
1303 699 1589 761 expositione

142 781 346 842 quaedam
374 787 593 842 apparent
618 781 812 828 obscura
848 779 960 827 satis
986 786 1030 826 et
1054 779 1280 834 intricata,
1310 793 1411 840 quae
1450 778 1589 826 Geor·

143 859 264 920 gius,
293 858 490 905 Arabum
528 859 802 919 Episcopus,
841 871 998 904 severe
1036 862 1161 903 notat
1197 862 1241 903 et
1276 856 1586 917 reprehendit.

143 936 300 998 Neque
355 942 502 983 tamen
559 936 708 983 omnia
760 934 1011 981 damnanda
1068 940 1207 988 sunt;
1266 933 1356 981 imo
1413 934 1593 981 videtur

143 1013 394 1074 Apbraates
432 1019 475 1060 et
514 1013 587 1060 hic
623 1027 741 1059 verse
776 1012 997 1058 doctrinae
1039 1011 1289 1072 generatim
1330 1012 1588 1066 inhaesisse,

145 1106 226 1138 neo
262 1092 349 1138 nisi
388 1092 429 1137 in
469 1106 557 1138 uno
592 1092 790 1139 alterove
832 1091 981 1151 capite
1015 1089 1351 1136 dormitavisse.
1395 1089 1594 1136 Plurima

143 1169 353 1216 nimirum
399 1184 499 1231 quae
544 1170 587 1215 in
632 1168 1005 1216 antecedentibus
1048 1168 1196 1228 primo
1238 1167 1401 1213 intuitu
1444 1167 1594 1214 minus

145 1253 350 1294 accurata
391 1247 618 1302 videntur,
664 1246 779 1293 haud
825 1246 1045 1292 modicam
1091 1245 1237 1291 lucem
1277 1244 1523 1305 accipiunt,
1554 1244 1593 1291 si

145 1324 456 1384 expendantur
476 1324 744 1385 diligentius
770 1329 814 1369 et
839 1322 1092 1383 praesertim
1114 1336 1215 1369 cum
1242 1322 1378 1368 dictis
1404 1322 1593 1368 aliorum

146 1403 327 1449 Patrum
354 1402 558 1463 ejusdem
585 1403 654 1448 vel
682 1402 935 1462 superioris
961 1401 1106 1447 aetatis
1130 1400 1440 1447 conferantur.

212 1479 441 1540 Imprimis
477 1479 628 1540 itaque
656 1479 941 1525 manifestum
969 1483 1039 1524 est
1064 1478 1118 1523 ab
1147 1477 1370 1537 Aphraate
1407 1478 1522 1523 duos
1550 1477 1595 1523 in

146 1556 327 1603 homine
347 1556 605 1603 Christiano
627 1555 848 1617 distingui
869 1555 1061 1615 spiritus
1087 1571 1093 1599 :
1119 1556 1361 1600 animalem
1383 1555 1591 1609 alterum,

146 1648 235 1694 quo
271 1633 407 1680 vitam
445 1633 640 1694 primum
680 1633 995 1693 adipiscimur,
1025 1632 1215 1678 alterum
1252 1633 1487 1686 coelestem,
1517 1631 1595 1692 qui

144 1717 333 1758 vocatur
353 1711 486 1757 etiam
513 1712 713 1769 Spiritus
739 1713 931 1757 Sanctus
958 1715 1001 1755 et
1026 1711 1221 1769 Spiritus
1243 1710 1427 1756 Christi.
1455 1709 1596 1755 Porro

146 1791 522 1851 quemadmodum
550 1791 677 1851 prior
712 1796 780 1837 est
814 1791 912 1851 ipsa
938 1790 1083 1836 anima
1110 1790 1317 1840 humana,
1348 1801 1435 1834 non
1465 1787 1594 1833 intel-

147 1868 317 1930 ligendi
362 1874 530 1915 tantum
575 1876 617 1915 et
662 1869 866 1922 volendi,
913 1867 992 1914 sed
1037 1867 1364 1926 cujuscumque
1405 1865 1507 1911 vitae
1551 1865 1595 1910 in

147 1961 337 2008 corpore
364 1947 578 2007 organico
605 1947 899 2007 principium,
926 1946 985 1991 ita
1007 1945 1081 2005 qui
1111 1945 1173 1989 illi
1202 1943 1396 1990 subinde
1421 1943 1599 1989 accedit

148 2025 347 2085 Spiritus
373 2025 576 2071 coelestis
615 2025 726 2069 nihil
754 2024 873 2069 aliud
902 2028 971 2069 est
998 2036 1128 2083 quam
1158 2020 1356 2081 Spiritus
1383 2020 1593 2075 Sanctus,

148 2103 296 2148 omnis
331 2101 436 2148 boni
477 2101 838 2161 supernaturalis
877 2101 920 2145 in
961 2099 1172 2145 fidelibus
1216 2097 1317 2143 fons
1360 2103 1403 2143 et
1443 2097 1593 2158 origo,

149 2193 227 2225 seu
270 2179 401 2225 tertia
444 2179 524 2225 SS.
570 2178 805 2224 Trinitatis
846 2190 1060 2237 persona,
1109 2181 1332 2235 quatenus
1375 2174 1479 2220 huic
1519 2188 1599 2233 per

147 2258 571 2315 appropriationem,
605 2261 653 2301 ut
678 2255 819 2308 aiunt,
850 2253 1110 2300 attribuitur
1146 2251 1303 2313 gratiae
1340 2257 1426 2297 tam
1452 2253 1598 2311 aratis

148 2335 266 2381 datoe
292 2349 423 2396 quam
449 2342 630 2394 gratum
655 2335 867 2392 facientis
900 2332 1100 2394 largitio.
1131 2332 1425 2392 Nequaquam
1461 2330 1600 2391 igitur

152 2413 211 2459 ita
236 2413 500 2474 accipienda
525 2419 631 2460 sunt
656 2412 792 2459 verba
828 2426 965 2472 supra
1001 2410 1195 2457 adducta
1231 2423 1281 2456 ac
1318 2409 1357 2456 si
1395 2408 1523 2455 binas
1555 2408 1600 2454 in

149 2566 359 2613 12.le
391 2572 561 2625 <maso
599 2562 751 2613 ulmo
794 2597 802 2607 .
841 2573 994 2616 mni-⁶2
1034 2573 1134 2623 &a
1185 2562 1303 2625 x002>
1340 2569 1425 2600 200·
1467 2561 1598 2622 ³5*ss?
