1737 2950
658 101 956 143 ..183-

153 229 314 289 Sapor,
345 227 584 273 Persarum
625 240 717 279 rex,
749 241 904 287 pacem
933 241 1032 272 eum
1072 227 1287 273 Romanis
1328 227 1382 273 ab
1420 241 1536 272 anno

87 303 180 351 297
207 305 435 365 vigentem
462 305 584 365 rupit
604 319 721 350 anno
742 303 854 357 337,
878 317 969 365 quo
991 310 1196 350 mortuus
1216 311 1286 351 est
1313 305 1532 352 Constant

85 382 208 430 tinus
235 383 443 443 Magnus.
477 382 672 428 Nisibim
699 381 863 428 dehinc
891 386 958 427 ter
983 381 1149 427 frustra
1176 381 1373 433 obsedit,
1404 382 1535 428 annis

85 460 264 506 scilicet
289 457 401 512 338,
433 458 528 505 346
555 467 600 506 et
631 457 743 505 350.
775 460 885 505 Tum
918 459 1099 505 demum
1135 459 1301 506 bellum
1340 474 1530 520 suspen·

85 551 185 583 sum
212 543 282 583 est
301 542 490 597 propter
516 536 806 583 finitimarum
832 536 1036 597 gentium
1059 536 1102 581 in
1125 537 1360 584 Persidem
1383 537 1532 583 incur-

22 601 26 604 ’
83 613 259 661 siones.
289 613 420 660 Anno
456 613 549 659 359
595 614 640 659 in
680 614 1051 675 Mesopotamiam
1098 615 1259 661 iterum
1306 615 1535 661 irruerunt

84 689 267 744 Persae;
296 691 569 752 tandemque
587 691 755 753 pugnis
783 691 886 738 finis
913 692 1155 752 impositus
1177 692 1259 738 fuit
1279 707 1396 738 anno
1418 691 1530 745 363,

83 783 173 828 quo
216 768 452 820 Jovianus,
504 782 615 828 pace
664 768 872 829 ignobili,
920 769 1000 815 sed
1053 770 1327 824 necessaria,
1376 769 1533 829 Sapori

83 845 285 906 quinque
312 845 570 905 provincias
597 845 648 890 ad
677 845 848 906 Tigrim
875 846 987 891 sitas
1016 861 1102 891 una
1128 861 1228 893 cum
1250 846 1361 892 urbe
1388 846 1534 892 Nisibi

84 922 331 969 concessit.
354 922 496 981 Hujus
515 928 661 968 autem
685 922 881 968 civitatis
905 922 1081 974 incolae,
1100 923 1313 984 quamdiu
1338 923 1531 968 bostium

82 999 221 1045 armis
246 999 423 1044 fuerant
448 999 668 1053 lacessiti,
699 999 744 1046 S.
775 1000 932 1046 Jacobi
962 1000 1197 1061 reliquias,
1228 1000 1345 1047 intra
1371 1000 1534 1046 moenia

83 1092 164 1125 sua
211 1077 454 1138 repositas,
496 1077 678 1138 palladii
722 1083 765 1123 et
815 1078 1048 1125 tutaminis
1093 1079 1193 1125 loco
1237 1093 1419 1139 semper
1462 1080 1533 1124 ha-

86 1155 275 1202 buerant
301 1155 366 1216 (1).

151 1233 288 1279 Hisce
324 1233 605 1292 praenotatis,
638 1239 794 1278 contra
821 1233 1156 1281 Theodoretum
1182 1231 1246 1296 (2),
1279 1234 1530 1279 Philostor-

81 1312 205 1372 gium
232 1310 298 1371 (3),
337 1310 543 1371 aliosque
581 1311 878 1363 recentiores,
921 1312 997 1372 qui
1037 1313 1082 1358 S.
1123 1313 1341 1359 Jacobum
1384 1312 1529 1358 adhuc

81 1403 200 1435 anno
227 1386 321 1434 350
348 1388 392 1433 in
419 1387 550 1434 tertia
585 1388 827 1435 obsidione
860 1390 1034 1437 Nisibis
1067 1391 1362 1452 superstitem
1390 1390 1532 1436 fuisse

81 1467 325 1521 affirmant,
378 1480 430 1513 ex
489 1467 776 1513 Carminibus
833 1468 1056 1514 Nisibenis
1116 1469 1262 1516 solide
1310 1467 1534 1515 evincitur

81 1543 289 1590 eumdem
325 1557 442 1589 anno
476 1541 569 1588 338
604 1550 830 1590 mortuum
864 1558 985 1591 esse.
1017 1547 1071 1592 Et
1101 1546 1284 1607 quidem
1317 1546 1362 1590 in
1398 1544 1530 1604 hujus

78 1620 349 1667 assertionis
389 1620 703 1679 probationem
747 1621 910 1667 adduci
959 1629 1119 1682 posset
1166 1624 1393 1684 integrum
1438 1621 1531 1668 fere

79 1721 259 1753 carmen
308 1707 430 1761 XIII,
469 1708 590 1768 quod
636 1709 697 1752 De
730 1710 887 1755 Jacobo
921 1711 1108 1769 ejusque
1141 1713 1340 1772 collegis,
1371 1709 1533 1755 &ux

82 1818 299 1858 ..mo-,221-
337 1801 463 1845 ’Q-so
505 1808 704 1846 ικαὶ.
743 1809 847 1859 ..330
883 1804 1171 1865 inscriptum,
1217 1806 1260 1851 id
1302 1813 1372 1854 est
1413 1808 1529 1854 cele-

82 1887 218 1933 brans
256 1894 349 1934 tres
393 1887 567 1933 Nisibis
611 1887 838 1934 Praesules
881 1904 888 1934 :
925 1887 1160 1942 Jacobum,
1204 1889 1446 1937 Babuaeum
1489 1899 1533 1939 et

123 2043 170 2081 (ι)
195 2041 266 2075 Gt'r.
289 2041 432 2082 Bickell,
451 2042 490 2075 in
511 2041 726 2075 carminum
745 2041 1004 2076 Nisibeuoram
1024 2044 1201 2086 p1·olegg.‚
1221 2053 1255 2086 p.
1279 2046 1310 2077 ΙΙ
1335 2052 1436 2087 seqq.

123 2097 170 2138 (2)
196 2098 235 2130 In
262 2097 356 2131 Hist.
386 2098 487 2137 ecct„
518 2096 580 2131 lib.
613 2098 640 2130 ΙΙ
670 2105 747 2140 cap.
776 2097 818 2130 26
848 2097 946 2136 (edit.
978 2098 1107 2141 Migne)
1133 2103 1168 2133 et
1199 2100 1290 2134 Vitis
1319 2101 1515 2143 Patriam!

81 2153 190 2187 Porro
205 2151 240 2185 in
260 2156 414 2196 utroque
433 2152 500 2186 hoc
517 2160 626 2195 opere
644 2161 851 2187 sermonem
870 2161 951 2187 esse
969 2153 1012 2187 de
1030 2153 1223 2189 obsidione
1249 2165 1329 2198 quae
1356 2165 1451 2192 anno
1469 2160 1534 2192 550

79 2205 208 2240 accidit
227 2206 261 2239 in
281 2206 449 2241 confesso
475 2211 529 2240 est
547 2207 642 2249 apud
661 2207 842 2247 eruditos(
861 2216 1080 2251 quamquam
1106 2208 1298 2244 advertunt
1326 2211 1462 2254 plures,
1482 2213 1531 2246 uti

80 2261 289 2304 Garnerius‚
309 2262 486 2303 petavius,
519 2262 693 2297 Henricus
720 2262 897 2305 Valesius,
926 2263 1069 2307 pagius,
1097 2265 1349 2301 Tillemontius
1372 2270 1443 2311 (ap.
1464 2270 1532 2302 An-

82 2317 269 2357 maenum,
287 2318 437 2359 01).cit.,
465 2318 600 2360 praei'at.
630 2328 663 2360 p.
692 2319 765 2359 27),
795 2327 813 2352 a
836 2319 1013 2362 scriptore
1038 2320 1082 2354 ad
1107 2322 1199 2356 banc
1223 2325 1532 2366 oppugnationem

81 2379 154 2406 non
173 2380 285 2415 pauca
304 2372 443 2416 referri,
462 2382 542 2415 quae
567 2373 610 2406 ad
629 2373 782 2416 primam
802 2375 872 2413 (an.
892 2376 971 2413 338)
990 2379 1165 2417 spectant.
1186 2378 1298 2418 Quem
1318 2378 1352 2412 in
1372 2387 1534 2422 sensum,

80 2427 294 2462 Theodoreti
315 2433 411 2462 textu
429 2433 465 2462 et
482 2429 737 2463 auctoritatum
765 2429 925 2472 pondere
953 2439 994 2464 ae
1023 2440 1174 2467 numero
1200 2433 1411 2477 diligentius
1440 2445 1536 2470 nunc

80 2482 254 2526 inspectis
275 2483 500 2526 libratisque,
518 2484 770 2528 corrigendam
798 2493 928 2520 moneo
947 2487 1109 2520 notulam
1127 2497 1234 2531 quam
1253 2498 1358 2534 pagg.
1378 2491 1421 2524 24
1441 2496 1477 2525 et
1494 2492 1537 2526 25

80 2537 252 2580 apposui:
272 2537 332 2571 ubi
351 2542 387 2572 et
403 2538 482 2572 loco
500 2539 586 2572 anni
603 2541 682 2579 35¹,
701 2547 809 2582 quem
830 2541 1015 2583 typotheta
1034 2542 1208 2577 mendose
1232 2545 1423 2587 expressit,
1446 2546 1536 2589 lege,

19 2635 26 2640 ‚
83 2592 208 2634 sodes,
227 2601 285 2626 an.
303 2593 380 2627 550.

129 2647 178 2688 (2)
207 2648 246 2681 In
266 2647 427 2689 Epuome
446 2647 607 2682 historiae
625 2649 882 2690 ecclesiasticus,
902 2650 963 2684 lib.
987 2652 1046 2692 ΙΙΙ,
1068 2661 1101 2685 n.
1122 2653 1175 2686 25.
