1737 2950
675 153 978 196 -205-

101 281 445 337 cumcisionem‚
472 282 642 341 paseha
665 286 713 328 et
737 280 857 327 diem
884 278 1110 326 decimum
1149 282 1357 339 quartum
1396 273 1548 323 consi-

101 359 271 406 deravi.
304 360 413 406 Post
438 360 808 405 Dissertationem
833 357 887 404 de
907 357 1144 416 paschate,
1168 355 1241 417 egi
1267 355 1322 401 de
1345 354 1548 408 sabbato,

102 452 192 500 quo
218 437 488 499 superbiunt
511 436 682 490 Judaei;
713 436 817 482 dein
843 434 1083 496 composui
1118 434 1369 481 orationem
1396 433 1550 492 depre-

101 518 319 563 catoriam
362 516 418 562 de
461 514 834 562 contentionibus
877 527 977 574 quae
1020 517 1150 558 aetate
1191 516 1346 558 nostra
1383 516 1553 557 exortae

103 600 224 641 sunt.
258 594 369 640 Post
407 593 520 639 hanc
558 591 828 645 orationem,
869 590 1037 651 scripsi
1073 590 1127 636 de
1161 590 1410 643 alimentis,
1451 601 1552 650 quae

101 671 246 718 ,Iudaei
274 671 502 718 immunda
529 671 715 722 habent,
746 675 840 716 tum
876 669 930 715 de
963 669 1186 728 flentibus,
1214 682 1314 727 quoe
1339 669 1556 725 inoressoe

102 757 211 797 sunt
233 757 276 797 et
301 749 612 796 haereditatem
649 750 738 795 Ioco
759 749 928 808 prioris
963 748 1116 806 populi
1151 753 1438 806 aeceperunt.
1469 746 1555 792 De-

104 829 209 876 hinc
245 829 579 876 institutionem
623 829 727 876 dedi
770 829 824 875 de
863 829 975 874 Filio
1012 829 1105 874 Dei.
1156 827 1300 873 Porro
1339 826 1557 873 calamum

104 907 203 954 acui
231 915 387 954 contra
412 908 607 966 Judoeos‚
635 908 714 966 qui
748 908 1056 966 virginitatem
1093 906 1385 964 blasphemiis
1406 919 1556 964 prose-

103 994 336 1046 quuntur‚·
366 993 459 1033 tum
486 986 529 1032 id
557 986 689 1033 etiam
717 985 977 1047 impugnavi
998 985 1120 1046 quod
1135 985 1324 1045 jactant,
1347 987 1558 1043 futurum

104 1078 199 1111 esse
244 1072 293 1111 ut
341 1065 484 1111 denuo
527 1072 867 1124 eonqreqentur.
918 1064 1080 1110 Postea
1127 1063 1463 1121 beneficentiam
1511 1065 1560 1108 in

103 1155 327 1201 pauperes
370 1141 698 1188 commendavi.
751 1140 953 1187 Subinde
996 1142 1365 1187 Dissertationem
1409 1141 1462 1186 de
1504 1141 1561 1186 iis

106 1221 184 1279 qui
223 1221 524 1279 persecutioni
565 1227 672 1265 sunt
714 1220 909 1273 obnooez'i,
958 1225 1001 1264 et
1045 1218 1246 1264 ultimam
1291 1218 1470 1264 demum
1509 1219 1563 1264 de

106 1306 247 1346 morte
268 1307 310 1346 et
336 1300 606 1359 temporibus
644 1300 900 1345 novissimis
937 1298 1214 1358 conscripsi.
1241 1325 1301 1331 -
1330 1298 1424 1344 Hos
1459 1299 1560 1343 Ser-

107 1391 256 1423 mones
281 1376 396 1423 duos
423 1382 467 1435 et
491 1376 653 1438 viginti
674 1373 964 1437 alphabetico
991 1375 1166 1437 digessi
1189 1374 1366 1421 ordine.
1392 1375 1558 1421 Decem

107 1455 288 1515 priores
320 1454 441 1501 edidi
480 1468 598 1501 anno
637 1454 971 1501 sexcentesimo
1011 1452 1361 1514 quadragesimo
1403 1459 1560 1499 octavo

109 1532 239 1594 regui
286 1532 556 1586 Alexandri,
611 1532 691 1578 filii
741 1532 941 1593 Philippi
992 1531 1279 1584 Macedonis,
1332 1538 1468 1592 prout
1517 1531 1559 1575 in

111 1624 266 1656 eorum
307 1610 394 1656 fine
433 1615 635 1657 notatum
674 1615 768 1666 est;
814 1608 1056 1656 duodecim
1094 1615 1241 1655 autem
1278 1608 1560 1669 posteriores

109 1702 227 1736 anno
254 1688 588 1735 sexcentesimo
616 1687 998 1748 quinquagesimo
1038 1687 1196 1747 quinto
1224 1687 1352 1748 regni
1380 1686 1552 1734 Graeco

109 1780 208 1812 rum
258 1772 303 1813 et
348 1767 674 1820 Romanorum,
728 1780 808 1812 seu
857 1766 987 1827 regni
1037 1765 1299 1819 Alexandri,
1354 1770 1399 1812 et
1446 1780 1561 1812 anno

110 1843 349 1904 trigesimo
376 1843 535 1903 quinto
562 1843 687 1904 regis
714 1843 954 1889 Persarum
981 1843 1147 1888 exarati
1176 1842 1316 1888 fuere.
1354 1861 1375 1883 »

178 1921 242 1966 Ex
269 1920 324 1967 iis
357 1934 457 1981 quae
496 1919 713 1966 hactenus
751 1920 1103 1981 disputavimus,
1135 1919 1263 1974 illud,
1294 1925 1422 1980 puto,
1453 1933 1560 1966 con-

113 1998 250 2045 ficere
276 1998 448 2051 licebit,
479 1997 590 2042 nihil
617 2012 640 2042 a
666 2012 893 2058 quoquam
919 1996 1070 2044 afferri
1104 2011 1243 2057 posse
1280 2011 1369 2057 quo
1407 2003 1564 2044 nostra

112 2089 195 2135 pro
221 2074 382 2135 viginti
408 2074 542 2121 trium
563 2076 867 2133 Epistolarum
894 2073 1176 2136 genuinitate
1203 2080 1467 2136 argumenta
1491 2075 1562 2121 vel

114 2152 346 2199 minimum
373 2151 674 2206 infirmentur,
702 2166 865 2212 neque,
891 2151 1012 2212 quod
1038 2151 1092 2197 ad
1120 2152 1232 2198 hanc
1259 2166 1353 2198 rem
1381 2152 1559 2205 attinet,

114 2229 169 2276 de
194 2231 387 2276 Homllz'a
411 2230 511 2276 XIV
535 2229 680 2290 magis
706 2244 838 2290 quam
876 2229 931 2275 dc
968 2229 1208 2290 quibusvis
1245 2229 1345 2275 aliis
1383 2229 1561 2275 dubita·

115 2307 226 2353 tioni
254 2307 402 2354 locum
428 2321 548 2354 esse.

645 2470 933 2499 ARTICULUS
966 2470 1029 2498 lv.

338 2566 400 2610 De
434 2565 549 2625 stylo
583 2573 626 2611 et
662 2579 820 2623 genere
854 2565 1035 2611 dicendi
1072 2566 1333 2624 Aplzraatz'S.

189 2689 345 2735 Sermo
373 2688 602 2749 Syriacus,
635 2688 782 2749 qualis
807 2688 862 2735 ab
882 2687 1105 2748 Aphraate
1130 2692 1390 2748 usurpatur,
1415 2685 1563 2732 minus
