1737 2950
648 148 947 190 -193-0-

69 276 182 324 etin
210 275 408 322 Latinam
447 274 664 335 linguam,
696 281 743 320 ut
782 274 1066 320 innotescere
1104 278 1294 332 possent
1332 271 1507 319 Genna-

70 353 164 409 dio‚
203 366 293 399 non
336 351 633 413 peritissimo,
681 358 728 397 ut
770 350 964 404 videtur,
1014 350 1179 411 linguae
1221 349 1418 396 Graecae?
1461 349 1508 395 Si

72 444 291 478 conversa
315 436 421 476 sunt
446 429 490 475 in
517 436 753 490 utramque
779 428 995 489 linguam,
1025 427 1253 488 quomodo
1279 428 1514 488 perierunt

71 507 274 562 omnino,
311 521 413 554 cum
447 507 596 553 forent
629 507 674 553 in
708 506 934 567 triplicem
971 505 1101 566 quasi
1139 505 1296 552 orbem
1333 519 1510 566 sparsa,

73 586 299 639 Latinum,
337 584 544 632 Graecum
579 591 622 631 et
657 583 846 646 Syrum?
882 583 971 629 Cur
1006 582 1113 629 nulli
1152 588 1354 629 veterum
1389 588 1511 636 nota,

74 677 130 710 ne
172 662 334 710 Photio
376 662 585 723 quidem,
625 669 748 708 tanto
786 661 1062 722 scriptorum
1099 667 1302 706 veterum
1339 667 1519 720 tamque

74 740 258 788 curioso
283 740 494 787 censori?
519 743 722 801 Augetur
759 753 812 785 ex
848 752 901 785 eo
940 738 1161 798 suspicio,
1193 738 1314 798 quod
1342 737 1517 783 Genna-

75 818 179 866 dius
226 826 580 881 cognomentum
621 820 845 877 Sapz'entz's
886 817 1056 864 Jacobo
1098 816 1266 863 tribuat
1308 822 1518 876 tanquam

75 897 323 959 vulgatum,
353 897 482 956 cujus
523 903 668 942 tamen
708 910 837 942 nemo
876 895 1095 948 meminit,
1127 894 1213 939 nisi
1240 893 1317 954 qui
1345 892 1521 939 Genna-

77 975 201 1022 dium
248 975 494 1035 exscripsit
561 974 688 1021 Unde
744 973 1049 1022 crediderim.
1104 972 1233 1019 facile
1287 971 1526 1032 supposita

78 1054 220 1100 fuisse
244 1053 414 1100 Jacobo
451 1052 671 1099 Nisibeno
707 1052 895 1112 scripta,
921 1066 1021 1112 quae
1045 1050 1202 1097 Jacobi
1229 1050 1414 1095 alterius
1424 1087 1519 1095 .....

78 1131 242 1177 forent.
279 1150 301 1172 >³
349 1131 409 1176 [ta
452 1130 711 1177 Garnerius.
765 1131 818 1175 Et
861 1143 967 1175 sane
1012 1144 1063 1175 ex
1110 1128 1291 1173 indiciis
1332 1126 1524 1173 internis

79 1208 458 1256 verisimillimum
501 1215 587 1263 est,
631 1222 686 1254 ne
723 1208 868 1253 dicam
908 1213 1098 1259 certum,
1138 1205 1437 1257 Gennadium,
1481 1212 1527 1251 ut

82 1293 211 1333 antea
235 1285 283 1350 (t)
310 1286 604 1339 advertimus,
642 1286 860 1331 Homilz‘as
894 1284 1039 1330 oculis
1076 1283 1172 1329 suis
1209 1296 1298 1329 non
1335 1282 1523 1327 vidisse.

83 1364 148 1410 Eo
184 1363 323 1426 igitur
359 1364 536 1410 facilius
575 1364 671 1409 sive
706 1377 728 1408 a
762 1362 996 1415 Cassiano,
1039 1361 1135 1407 sive
1173 1360 1227 1406 ab
1264 1360 1351 1406 alio
1378 1359 1529 1418 cujus-

82 1456 276 1503 cumque
304 1442 501 1488 nominis
529 1448 760 1487 narratore
798 1441 840 1485 in
880 1452 1081 1486 errorem
1118 1438 1271 1484 induci
1309 1436 1524 1498 potuerit.

84 1518 321 1576 Quomodo
346 1533 454 1565 vero
482 1518 567 1564 iste
595 1531 723 1564 error
747 1517 959 1578 primitus
987 1514 1240 1569 emerserit,
1265 1514 1372 1561 licet
1397 1514 1526 1560 etiam

83 1597 368 1659 aliquatenus
394 1597 638 1656 conjicere.
665 1596 837 1643 «Certe
864 1595 1001 1648 enim,
1019 1594 1080 1640 ait
1101 1593 1282 1640 Sassius
1299 1592 1529 1653 (2)‚trans-

85 1675 200 1722 lator
241 1674 538 1722 Armeniacus
582 1676 651 1721 vel
695 1673 906 1720 librarius
946 1671 1129 1733 quidam
1164 1670 1414 1732 posterior,
1456 1669 1529 1715 cui

85 1767 249 1800 nomen
295 1753 452 1800 Jacobi
500 1752 740 1813 Aphraatis
787 1766 875 1798 non
919 1756 1014 1797 erat
1058 1755 1238 1803 notum,
1289 1747 1525 1801 Jacobum,

85 1830 363 1891 Episcopum
390 1830 677 1882 Nisibenum,
707 1829 784 1889 qui
821 1827 938 1888 apud
975 1826 1214 1872 Armenios
1251 1824 1531 1885 amplissima

83 1907 265 1970 vigebat
306 1906 591 1959 auctoritate,
637 1913 867 1952 auctorem
911 1904 1081 1964 posuit,
1110 1922 1132 1944 n
1178 1916 1230 1949 eo
1275 1901 1397 1962 quod
1440 1914 1530 1947 non

86 1985 233 2032 solum
259 1998 420 2031 nomen
445 1983 620 2037 Jacobi‚
645 1982 725 2029 sed
753 1988 796 2028 et
821 1974 1075 2042 cognomen
1101 1981 1325 2038 Sapientis
1352 1978 1531 2038 utrique

87 2075 243 2108 eorum
291 2067 467 2122 putaret
516 2074 619 2106 esse
667 2072 922 2112 commune,
973 2064 1016 2104 et
1065 2071 1115 2103 cx
1166 2056 1280 2117 ipsis
1327 2056 1532 2101 Homz'liz‘s

88 2139 361 2199 scriptorem
411 2138 454 2183 in
504 2150 691 2183 numero
739 2136 1071 2196 Episcoporum
1126 2147 1230 2179 esse
1279 2132 1531 2178 habendum

90 2216 205 2262 haud
231 2216 425 2262 obscure
451 2220 703 2276 appareret.
736 2233 757 2254 (ε
780 2213 927 2274 Atque
955 2211 1116 2258 iisdem
1142 2225 1195 2257 ex
1222 2211 1371 2257 causis
1398 2210 1531 2256 etiam

89 2293 349 2341 Gennadius
374 2295 444 2340 vel
469 2301 625 2340 auctor
652 2293 750 2353 ejus
781 2292 1051 2353 Aphraatem
1091 2305 1192 2338 cum
1215 2291 1385 2337 ι130000
1414 2291 1532 2336 Nisi·

91 2372 207 2420 beno
233 2372 508 2419 confuderit.
539 2391 561 2412 »

155 2450 222 2497 Ad
265 2450 482 2498 Gennadii
520 2450 831 2497 testimouium
868 2447 1104 2503 accedunt,
1142 2448 1179 2494 si
1218 2447 1351 2494 fidem
1395 2448 1533 2494 Anto-

135 2638 184 2676 (¹)
210 2637 316 2680 Pagg.
337 2638 402 2670 135
417 2640 452 2670 et
471 2638 545 2670 ¹36.

137 2692 185 2731 (2)
212 2690 367 2732 Op.cie.,
387 2701 423 2734 p.
444 2692 497 2724 24.
