1737 2950
710 155 979 198 -73-

664 365 950 396 An‘rmumss
971 366 1019 394 11.

323 473 385 518 De
409 472 656 532 Aphraatis
678 473 832 531 patria
855 477 898 516 et
923 470 1215 516 habitationis
1241 471 1346 515 loco.

180 618 322 663 Porro
347 616 617 677 Aphraatem
651 617 795 677 patria
820 622 864 664 et
892 629 1060 677 genere
1088 616 1271 661 Persam
1298 615 1459 667 fuisse,
1489 615 1558 659 vel

113 694 271 740 saltem
313 707 365 740 ex
409 694 536 755 Syria
576 694 802 748 orientali,
850 694 1086 740 Persarum
1132 691 1294 738 ditioni
1335 691 1555 750 subjecta,

112 770 372 820 oriundum.
405 772 539 817 multa
577 777 682 817 sunt
718 785 818 832 quae
855 770 1089 817 suadeant.
1117 769 1217 814 Non
1253 769 1400 814 solum
1439 768 1557 813 enim

107 847 197 907 jam
224 849 266 893 in
306 849 638 909 antiquissimis
676 863 863 909 operum
902 862 1087 894 suorum
1125 846 1363 893 codicibus
1404 860 1558 891 manu-

113 924 300 984 scriptis
321 925 388 971 vel
412 924 546 977 nude,
572 926 639 970 vel
667 925 751 970 alia
777 924 985 984 adjuncta
1011 923 1345 984 designatione,
1369 924 1559 982 Sapiens

113 1003 252 1047 Persa
276 1007 476 1049 vocatur.
509 1016 660 1048 verum
698 1002 831 1048 etiam
868 1015 1030 1047 nomen
1064 1000 1173 1047 illud
1200 1001 1454 1059 Aphraates
1479 1013 1558 1045 seu

112 1078 347 1132 Pharhdd,
386 1085 430 1124 et
469 1084 576 1125 tunc
612 1085 656 1125 et
697 1078 942 1139 posteriori
987 1085 1191 1138 tempore
1233 1077 1350 1137 apud
1396 1078 1559 1122 Persas

112 1155 282 1214 passim
303 1169 552 1202 occurrens
578 1154 646 1216 (1),
676 1169 728 1201 cx
756 1155 941 1201 Persica
972 1154 1125 1214 lingua
1160 1167 1286 1200 suam
1319 1153 1444 1199 ducit
1469 1153 1558 1198 ori-

111 1231 264 1293 ginem
312 1238 446 1293 atque
494 1233 893 1294 significationem,
947 1232 1102 1278 eadem
1146 1231 1360 1276 videlicet
1407 1231 1561 1290 lingua

107 1312 412 1369 praepositum,
439 1310 720 1372 praesectum,
750 1311 906 1357 ducem
933 1310 1170 1356 denotans.

180 1387 307 1434 Sicut
347 1395 492 1434 autem
542 1393 720 1448 tempus
764 1393 809 1433 et
850 1388 998 1433 locum
1042 1385 1289 1432 nativitatis
1333 1385 1561 1444 Sapientis

113 1465 265 1511 Persae
314 1479 462 1525 neque
509 1471 736 1519 accurate,
789 1478 936 1525 neque
983 1463 1242 1509 omnimoda
1288 1462 1562 1508 certitudine

112 1541 302 1588 delinire
321 1555 586 1601 possumus,
612 1541 670 1587 ita
693 1541 768 1588 uhi
791 1547 1008 1587 terrarum
1036 1539 1301 1593 adoleverit,
1325 1544 1562 1599 totumque

112 1618 215 1665 vitae
239 1624 419 1679 tempus
444 1619 734 1680 transegerit,
760 1620 884 1665 nullo
905 1617 1168 1665 testimonio
1193 1616 1393 1664 auctoris
1413 1630 1561 1676 aequa-

114 1696 170 1742 lis
195 1697 264 1743 vel
292 1697 562 1743 recentioris
587 1697 644 1743 ita
670 1696 882 1743 traditum
905 1695 1038 1741 nobis
1063 1701 1150 1749 est,
1174 1701 1223 1741 ut
1242 1693 1364 1741 omni
1390 1698 1563 1739 remota

112 1772 390 1819 obscuritate
437 1779 511 1819 aut
559 1772 840 1819 dubitatione
889 1772 1082 1833 quaestio
1130 1771 1206 1817 illa
1248 1771 1361 1817 solvi
1406 1777 1558 1830 queat.

114 1849 261 1904 Quare
287 1863 387 1895 cum
415 1850 458 1895 id
488 1864 624 1896 unum
661 1850 782 1895 velut
818 1864 842 1895 a
878 1849 1020 1909 priori
1056 1854 1253 1902 constet,
1290 1848 1561 1908 scriptorem

114 1933 316 1973 nostrum
354 1928 723 1988 Mesopotamiam
759 1933 833 1973 aut
871 1927 1064 1987 aliquam
1092 1941 1144 1972 ex
1171 1925 1436 1986 regionibus
1461 1925 1561 1986 qui-

114 2003 198 2050 bus
236 2018 386 2050 sermo
425 2005 638 2066 Syriacus
673 2005 865 2050 usitatus
901 2010 996 2050 erat
1032 2003 1298 2056 incoluisse,
1337 2002 1561 2062 reliquum

113 2087 184 2126 est
216 2087 265 2127 ut
300 2082 449 2128 locum
485 2083 528 2127 in
565 2096 656 2143 quo
691 2081 869 2143 degerit
906 2081 1098 2127 ulterius
1135 2079 1433 2142 inquiramus,
1470 2093 1560 2126 ma·

113 2158 294 2219 gisque,
324 2159 363 2205 si
391 2159 486 2205 fieri
514 2160 680 2219 possit,
709 2158 1082 2205 determinemus.

158 2333 203 2374 (t)
229 2332 314 2366 vide
333 2333 423 2366 infra
442 2333 565 2369 Partis
582 2335 885 2369 Icmzctusionem.
902 2336 1012 2368 Porro
1031 2343 1161 2368 nomen
1181 2333 1365 2376 proprium
1391 2333 1549 2384 qen-¹31,

115 2399 167 2432 vel
189 2398 307 2442 potius
331 2388 471 2440 fimi—2
495 2400 679 2443 (quoniam
709 2399 823 2433 forma
854 2400 942 2439 haec,
973 2398 1040 2432 etsi
1070 2407 1138 2432 usu
1163 2398 1342 2432 recentior
1368 2407 1434 2434 nec
1456 2401 1524 2435 nisi
1543 2409 1560 2432 a

117 2455 328 2490 Barnebraeo
368 2461 554 2499 usurpata,
592 2461 710 2489 tamen
745 2463 832 2494 non,
868 2459 907 2488 ut
940 2454 1052 2497 prior,
1085 2454 1127 2487 ad
1162 2456 1323 2489 Graecum
1363 2466 1562 2507 Appaarne

115 2508 265 2544 formata
293 2517 360 2552 cst,
379 2513 442 2546 sed
459 2513 503 2546 ad
531 2520 636 2545 suum
655 2516 801 2554 etymon
821 2509 990 2554 proprius
1009 2510 1178 2544 accedere
1195 2510 1363 2552 videtur),
1383 2511 1563 2554 composi·

116 2568 189 2598 tum
233 2570 288 2599 est
327 2575 368 2600 ex
402 2567 660 2610 praepositione
695 2567 833 2601 Persica
860 2571 916 2643 72·
953 2565 1028 2601 sive
1067 2572 1123 2646 Γῇ
1161 2575 1240 2608 pro,
1269 2575 1366 2608 proe,
1399 2571 1434 2600 et
1458 2559 1563 2613 obn,

116 2639 196 2672 quae
223 2632 322 2666 radix
343 2636 494 2676 apparet
513 2633 546 2666 in
574 2633 684 2667 verbo
711 2633 853 2668 Persico
878 2624 1058 2697 &OQ-3*
1084 2641 1226 2674 ponere.
1255 2634 1438 2675 collocare,
1458 2634 1505 2669 ita
1524 2638 1562 2669 ut

117 2697 280 2731 vocabuli
299 2697 516 2741 significatio
534 2697 581 2732 sit
601 2709 606 2731 :
627 2698 855 2740 proeposieus,
875 2699 1076 2742 praefectus.
1097 2698 1165 2732 Csr.
1186 2699 1305 2740 Sasse,
1322 2707 1377 2741 op.
1397 2699 1455 2734 cit.
1477 2709 1511 2742 p,
1526 2702 1559 2734 5.
