1737 2950
165 340 462 389 insumentur,
494 338 762 384 habitabitur
801 338 1113 398 Hierosolyma
1150 339 1454 386 hebdomades
1487 340 1603 387 duas

165 421 208 460 et
233 413 480 474 sexaginta,
512 427 591 459 seu
621 428 763 460 annos
790 414 1148 474 quadringentos
1177 414 1360 475 triginta
1386 421 1592 476 quatuor.

166 491 309 546 Quare
344 504 449 536 vero
486 490 703 550 propheta
738 505 873 550 supra
906 490 1020 535 dixit
1045 490 1093 547 (il
1125 507 1133 536 :
1171 491 1462 550 Septuaqinta
1497 493 1599 538 heb-

163 567 369 612 domades
393 568 626 612 elaberetur
649 581 784 625 super·
804 568 1016 625 populum
1048 575 1176 612 tuum
1213 575 1254 613 et
1288 583 1423 627 super
1447 570 1600 615 urbem

162 651 364 688 sanctam
409 643 564 688 tuam?
603 643 705 688 dum
744 643 935 689 subinde
972 643 1097 703 ponit
1136 649 1228 689 tum
1269 650 1460 704 septem,
1506 651 1599 691 tum

164 720 397 780 sexaginta
433 720 543 766 duas
579 720 900 774 hebdomades,
931 735 1030 780 quae
1057 721 1190 767 simul
1229 727 1334 767 sunt
1371 735 1530 768 novem
1556 727 1602 768 et

164 797 412 857 sexaginta.
459 798 552 843 Hoc
586 797 797 843 videlieet
833 797 945 843 infra
987 798 1139 843 subdit
1172 795 1219 859 (a)
1268 814 1275 842 :
1320 799 1606 844 Hebdomada*

164 887 254 918 vuna
280 875 381 925 erit,
411 881 451 918 et
479 876 525 918 in
561 874 743 919 dimidio
780 874 1062 919 hebdomadae
1096 874 1304 931 deficient
1340 876 1523 920 victima
1558 882 1602 921 et

162 951 413 1007 saerifiria;
461 951 533 996 ubi
578 951 862 1011 significatur
900 966 985 997 una
1023 965 1075 997 ex
1103 952 1388 1012 septuaginta
1430 951 1598 998 hebdo-

165 1026 384 1078 madibus,
414 1041 498 1086 qua
525 1033 735 1072 currente
772 1027 949 1073 desinet
986 1028 1274 1074 sacrificium.
1308 1028 1427 1074 Inser
1463 1028 1602 1089 igitur

164 1101 304 1148 fuisse
348 1103 651 1148 hebdomades
687 1104 987 1164 septuaginta,
1028 1119 1116 1150 non
1155 1118 1288 1151 secus
1327 1119 1377 1151 ae
1420 1111 1601 1164 septua-

164 1179 288 1239 ginta
336 1194 477 1225 annos
525 1181 867 1239 comprehendit
912 1187 1053 1226 totum
1103 1181 1212 1227 illud
1263 1187 1440 1242 tempus
1489 1195 1596 1241 quo,

163 1255 333 1301 Judaeis
378 1256 419 1300 in
466 1256 651 1315 regione
699 1256 970 1317 Babylonica
1010 1258 1218 1318 captivis,
1264 1265 1381 1304 terra
1431 1256 1603 1318 quievit

165 1337 297 1391 atque
332 1333 375 1376 in
407 1333 613 1379 vastitate
651 1334 827 1378 mansit.
860 1334 1129 1380 Persuasum
1156 1334 1237 1380 tibi
1265 1335 1324 1380 sit
1350 1334 1598 1388 Christum,

167 1407 333 1467 elapsis
360 1408 448 1453 illis
476 1408 848 1463 hebdomadibus,
878 1409 1059 1456 venisse
1097 1416 1139 1456 et
1176 1410 1460 1456 intersectum
1498 1423 1602 1456 esse

169 1489 213 1527 ut
241 1484 594 1544 adimplerentur
619 1486 733 1531 visio
760 1492 804 1531 et
828 1486 1163 1545 prophetiae.—
1185 1486 1380 1533 Jacobus
1399 1500 1597 1547 quoque,

167 1568 294 1619 pater
333 1568 501 1615 noster,
545 1576 680 1621 quum
722 1561 849 1608 Judae
892 1562 1147 1617 benedixit,
1195 1563 1291 1609 liaec
1333 1563 1601 1609 vaticinatus

169 1643 238 1681 est
264 1638 312 1693 (3)
343 1653 350 1681 :
381 1639 472 1682 Non
499 1638 671 1695 deficiet
704 1646 927 1696 sceptrum
964 1639 1017 1683 de
1052 1639 1170 1684 Juda
1205 1653 1345 1697 neque
1378 1640 1604 1697 expositor

167 1712 220 1757 de
243 1714 383 1770 stirpe
403 1712 515 1773 ejus,
543 1715 676 1758 donec
701 1716 850 1759 veniat
881 1715 958 1759 ille
983 1716 1113 1772 qu‘us
1138 1722 1204 1760 est
1228 1729 1433 1774 regnum.
1465 1716 1601 1761 Intel-

169 1789 258 1849 lige
285 1789 450 1849 itaque,
475 1790 726 1844 carissime,
756 1790 928 1851 tibique
947 1797 1117 1837 eertum
1139 1792 1199 1837 sit
1217 1791 1521 1837 hebdomades
1546 1791 1599 1836 ad

169 1867 299 1914 finem
349 1869 642 1928 pervenisse,
693 1870 893 1916 visiones
942 1876 984 1916 et
1032 1870 1294 1930 prophetias
1342 1870 1595 1921 defecisse,

169 1958 354 2004 regnum
405 1959 426 1989 a
472 1945 585 1990 Juda
633 1946 898 1991 recessisse.
951 1946 1067 1992 Ecce
1115 1946 1232 1992 enim
1288 1946 1602 2007 Hierosolyma

169 2028 338 2067 vastata
373 2029 441 2067 est
475 2029 518 2068 et
555 2023 713 2068 incolae
745 2023 841 2082 ejus
876 2023 919 2068 in
956 2038 1112 2070 omnes
1148 2024 1351 2070 nationes
1377 2024 1596 2084 dispersi;

171 2097 248 2141 filii
299 2098 478 2143 Israelis
524 2098 848 2144 sacrificiorum
898 2106 1030 2159 atque
1078 2099 1230 2145 altaris
1279 2105 1504 2159 expertes,
1557 2106 1602 2145 et

167 2174 311 2220 donec
336 2174 389 2218 ad
417 2175 580 2220 exitum
616 2175 920 2234 perducantur
953 2191 1052 2236 quae
1087 2176 1307 2236 praefinita
1342 2183 1463 2230 sunt,
1494 2176 1598 2222 Hie-

169 2251 393 2310 rosolyma
430 2252 471 2295 in
508 2251 787 2298 desolatione
821 2259 864 2298 et
896 2253 1102 2298 vastitate
1142 2253 1434 2312 permanebit.
1464 2252 1601 2298 Vinea

169 2326 437 2387 depopulata
472 2336 556 2381 est,
594 2329 838 2389 spinasque
873 2331 1075 2390 protulit.
1107 2330 1276 2376 Ambos
1314 2329 1416 2375 vitis
1451 2342 1600 2374 ramos

169 2404 289 2464 ignis
331 2404 597 2464 absumpsit.
639 2406 856 2452 Maceries
899 2406 1040 2452 vineae
1083 2406 1288 2466 disrupta
1329 2412 1414 2459 est,
1461 2405 1600 2451 turris

167 2496 340 2536 eversa,
386 2484 583 2528 torcular
625 2483 920 2530 destructum.
969 2483 1202 2543 Abjectum
1253 2491 1322 2530 est
1365 2490 1598 2544 argentum

211 2634 258 2671 (1)
286 2633 369 2665 Dan.
391 2633 444 2673 lx,
462 2633 515 2665 24.

212 2686 259 2725 (Ξ)
286 2687 370 2719 Dan.
392 2687 445 2725 ΙΧ,
464 2687 517 2719 27.

211 2743 259 2780 (5)
285 2740 406 2774 Genea.
427 2742 538 2782 xmx,
560 2742 610 2775 ¹0.
