1737 2950
813 199 863 206 -
927 174 1001 215 12ss
1059 198 1107 203 —

235 313 389 345 eorum
414 314 514 359 quae
541 300 665 359 prius
691 301 937 360 scripserat
977 302 1096 348 velut
1133 303 1375 362 poenitens,
1406 304 1489 350 hoc
1528 303 1660 350 modo

237 376 447 435 proponit
484 377 580 435 ipse
617 376 839 438 Georgius
866 377 914 439 (ι)
944 394 953 422 :
991 378 1223 425 «Etiamsi
1261 379 1500 427 dicendum
1538 388 1660 427 esset

234 453 394 512 partim
441 453 682 500 convenire
730 461 930 514 tempora
977 455 1140 515 quibus
1189 457 1378 517 Sapiens
1433 457 1570 504 Persa
1616 465 1659 504 et

233 531 279 576 S.
312 532 573 590 Ephraemus
610 532 831 585 vixerunt,
862 533 929 579 vel
967 533 1099 579 ctiam
1140 540 1339 594 tempora
1376 534 1540 596 quibus
1577 534 1655 582 do-

232 615 435 660 cuerunt,
465 608 617 668 negari
642 623 729 654 non
763 615 913 668 potest
952 609 1163 670 priorem,
1193 610 1296 656 dum
1331 611 1444 657 alter
1480 610 1654 658 adoles-

232 691 368 741 ceret,
389 684 478 742 jam
505 690 633 730 {etate
661 692 920 744 provectum
947 685 1103 732 fuisse.
1140 705 1160 726 n

232 886 461 932 PRIORIS
483 886 685 931 PARTIS
706 885 1031 933 CONCLUSIO
1053 887 1123 932 ET
1143 887 1410 934 MONlTUM
1431 885 1639 932 FlNALE

292 1039 400 1094 Quae
425 1037 480 1083 de
508 1038 744 1097 Aphraatis
782 1038 924 1084 nostri
952 1038 1038 1084 vita
1062 1052 1114 1084 ex
1141 1038 1399 1084 aucto-ribus
1426 1045 1469 1084 et
1495 1052 1650 1085 monu-

228 1115 390 1160 mentis
415 1115 612 1174 antiquis
638 1115 906 1174 conquirere
929 1115 1157 1175 potuimus
1184 1115 1228 1159 in
1257 1115 1335 1160 bac
1361 1115 1503 1174 prima
1528 1121 1653 1175 parte

227 1192 413 1237 collecta
439 1192 593 1237 babes.
620 1192 763 1237 Unum
792 1192 1060 1250 monendum
1087 1198 1239 1246 restat,
1261 1191 1419 1237 sedulo
1444 1191 1654 1238 videlicet

225 1268 593 1329 distinguendum
619 1276 846 1315 auctorem
887 1269 941 1315 de
983 1283 1071 1329 quo
1116 1270 1347 1329 bucusque
1383 1268 1559 1329 egimus
1596 1268 1650 1314 ab

225 1346 325 1391 aliis
373 1347 481 1392 viris
529 1346 693 1406 quibus
748 1347 867 1392 circa
924 1347 1042 1391 illam
1090 1352 1264 1392 {etatem
1317 1346 1433 1392 idem
1490 1359 1650 1392 nomen

224 1424 477 1479 Aplzraates
503 1437 581 1468 seu
609 1423 825 1468 Phar-had
849 1423 931 1468 fuit
955 1422 1016 1484 (e).
1050 1423 1172 1468 Istud
1210 1422 1328 1468 enim
1364 1422 1646 1474 vocabulum,

225 1514 276 1543 ex
317 1499 542 1545 radicibus
587 1499 784 1545 Persicis
827 1499 1092 1552 derivatum,
1133 1500 1309 1544 videtur
1349 1499 1508 1559 primis
1549 1513 1650 1545 aerae

223 1578 479 1624 christianae
505 1578 684 1624 saeculis
722 1578 764 1622 in
803 1577 988 1623 Perside
1012 1576 1378 1637 frequentissime
1403 1576 1650 1622 adhibitum

225 1657 381 1702 fuisse.

290 1735 343 1779 Et
384 1746 491 1779 sane
530 1732 572 1777 in
610 1733 919 1792 Martyroloyz'o
954 1733 1152 1792 Syriaco,
1199 1737 1300 1778 ante
1336 1746 1376 1777 a.
1417 1729 1511 1776 412
1547 1745 1647 1778 exa-

225 1817 335 1863 rato,
365 1809 485 1870 quod
521 1810 579 1854 cl.
612 1809 863 1869 Wrightius
888 1809 1058 1869 publici
1079 1808 1195 1868 juris
1234 1807 1356 1862 fecit,
1386 1807 1504 1854 inter
1535 1821 1647 1854 mar-

222 1895 343 1948 tyres
369 1886 548 1932 natione
576 1887 737 1932 Persas
763 1885 1133 1945 temporibusque
1152 1884 1376 1930 Simeonis
1397 1884 1648 1930 Barsaboes

221 1972 264 2010 ct
301 1962 651 2024 Schahdosti(3)‚
691 1962 907 2008 Seleuciae
943 1967 1076 2021 atque
1114 1961 1423 2021 Ctesiphontis
1461 1961 1645 2021 Episco-

222 2055 398 2100 porum,
428 2040 726 2099 antiquiores,
763 2045 1025 2084 recensetur
1058 2038 1305 2097 Aphraates
1342 2036 1540 2097 quidam,
1569 2036 1647 2097 qui

264 2205 310 2243 (ι)
335 2204 434 2244 Sup.‚
454 2211 488 2244 p.
507 2202 561 2234 28.

263 2258 310 2298 (Ξ)
335 2256 403 2290 Csr.
425 2255 631 2299 Wrightius,
661 2255 734 2288 The
765 2256 926 2289 homines
957 2255 996 2296 os
1023 2255 1240 2295 Aphraaces.
1271 2254 1368 2297 praes.
1400 2263 1460 2298 pp.
1488 2256 1508 2289 '1
1539 2258 1574 2290 et
1604 2255 1646 2294 83

219 2311 373 2350 Sassius,
391 2311 644 2353 Proleyomena
662 2310 701 2342 in
719 2309 919 2351 Aphraalis
941 2317 1120 2342 sermones
1139 2309 1310 2349 hamuel„
1329 2318 1363 2351 p.
1381 2309 1417 2350 8,
1436 2316 1471 2341 n.
1491 2310 1543 2343 10.

260 2368 307 2407 (5)
332 2365 474 2399 Simeon
511 2364 701 2400 Barsaboe.
735 2364 793 2406 qui
828 2372 921 2398 anno
954 2364 1017 2397 326
1049 2363 1100 2397 vel
1134 2365 1198 2396 335
1230 2363 1428 2406 Episcopus
1458 2363 1644 2399 ordinatus

219 2420 344 2460 suerat.
378 2428 472 2453 anno
503 2421 561 2452 34¹
587 2419 689 2459 obiit,
719 2422 912 2460 martyrum
943 2419 978 2451 in
1011 2418 1176 2460 Saporica
1206 2417 1440 2462 quadraginta
1467 2427 1644 2453 annorum

218 2476 464 2517 persecutione
490 2479 740 2510 coronatorum
766 2474 1039 2516 antesignanus;
1058 2473 1160 2517 cujus
1188 2481 1375 2508 successor
1401 2472 1643 2508 Schahdostus

216 2531 339 2564 eodeni
359 2530 464 2564 modo
489 2539 583 2564 anno
610 2528 772 2572 sequenti
792 2529 898 2561 vitam
919 2536 982 2571 pro
1001 2527 1139 2561 cbristo
1164 2525 1333 2570 profudit.
1353 2526 1422 2561 Csr.
1444 2525 1641 2560 Bai-hebraei

219 2584 416 2618 Chronicon
436 2585 721 2623 ecclesiasticum,
740 2588 826 2617 sect.
850 2584 891 2623 ΙΙ,
909 2583 977 2616 col.
995 2584 1051 2622 55,
1069 2583 1124 2622 36,
1140 2582 1183 2615 59
1204 2586 1240 2615 et
1268 2583 1322 2623 40,
1350 2586 1385 2615 et
1404 2579 1465 2615 alii
1483 2582 1563 2625 AA„
1581 2579 1641 2623 qui

217 2640 263 2672 ibi
286 2641 499 2679 indicantur,
519 2640 696 2682 praecipue
717 2644 832 2673 tamen
850 2640 900 2672 St.
921 2640 956 2672 E.
976 2637 1160 2672 Asscmani
1179 2638 1268 2671 Acca
1292 2640 1495 2678 martyrum
1513 2636 1639 2670 orient.

215 2701 245 2727 et
264 2696 416 2728 accident
438 2722 442 2726 .
467 2696 491 2731 Ι,
512 2705 569 2736 pp.
589 2695 608 2727 ‘2
626 2699 659 2726 ct
677 2695 730 2726 84.
