1737 2950
643 153 940 196 —219—

76 281 272 332 natione,
303 280 524 341 auguriis.
552 279 800 340 astrologia
838 284 880 325 et
913 278 1075 338 magia,
1102 292 1125 323 a
1154 277 1451 323 fornicatione
1478 282 1522 323 ct

74 358 506 412 comessationibus,
542 373 565 404 a
600 358 824 405 doctrinis
861 356 1072 402 inanibus
1109 370 1264 402 corum
1303 355 1378 416 qui
1415 361 1521 401 sunt

73 439 374 485 instrumenta
400 437 640 491 daemonis,
664 452 686 482 a
709 436 974 483 blandorum
1001 449 1262 482 sermonum
1289 434 1518 481 lenocinio

73 530 96 561 a
122 515 402 577 blasphemia
428 521 472 562 et
497 515 739 569 adulterio,
769 530 792 561 a
818 515 931 561 salso
958 513 1220 560 testimonio
1253 519 1296 560 et
1321 527 1344 559 a
1371 512 1518 573 dupli-

72 593 207 639 citate
254 593 436 655 linguae.
491 593 596 639 Haec
640 599 746 639 sunt
789 606 927 652 opera
976 591 1080 637 fidei
1133 591 1368 637 innitentis
1411 604 1519 636 vero

72 670 382 724 fundamento,
424 670 605 717 Christo
648 670 841 723 scilicet,
887 670 958 716 cui
1003 669 1335 730 superstruitur
1376 674 1518 715 totum

72 748 331 794 aedificium.
375 749 438 795 De
477 748 581 801 fide,
623 748 877 802 carissime,
920 747 1004 794 alia
1041 739 1234 808 plurima
1279 748 1322 792 in
1369 747 1520 793 Sacris

73 826 259 872 Litteris
284 832 547 872 occurrunt.
579 826 666 872 Sed
701 840 841 887 pauca
879 826 976 872 haec
1013 839 1065 872 ex
1103 825 1257 872 multis
1294 825 1519 885 exscripsi

74 909 116 949 et
161 903 404 950 Dilectioni
448 909 534 949 tuae
576 903 618 948 in
664 903 924 950 memoriam
963 903 1190 956 revocavi,
1233 908 1279 948 ut
1315 902 1434 948 scias
1477 908 1521 948 et

73 980 258 1034 doceas,
288 986 335 1026 ut
360 980 520 1026 credas
556 986 600 1025 et
635 980 709 1025 alii
748 979 830 1026 tibi
865 979 1066 1026 credant.
1099 980 1345 1040 Postquam
1371 985 1518 1025 autem

73 1072 124 1103 ea
160 1058 345 1118 legeris,
388 1057 584 1118 fideique
622 1057 841 1103 didiceris
878 1071 1033 1117 opera,
1075 1056 1240 1103 similis
1278 1062 1377 1102 esto
1414 1070 1520 1102 arvo

74 1135 154 1188 illi,
193 1135 314 1195 quod
353 1148 508 1180 semen
548 1134 712 1180 bonum
751 1134 837 1180 sibi
878 1134 1191 1180 concreditum
1228 1147 1329 1179 cum
1368 1139 1519 1179 cente-

73 1213 206 1266 simo,
249 1212 535 1273 sexagesimo
578 1212 648 1257 vel
693 1212 930 1272 trigesimo
967 1212 1140 1258 foenore
1178 1211 1390 1257 reddidit.
1436 1212 1516 1264 Ita,

73 1290 253 1350 quando
281 1290 519 1335 Dominum
547 1295 669 1335 tuum
696 1288 861 1342 adibis,
892 1303 1073 1335 servum
1114 1289 1295 1342 bonum,
1323 1288 1516 1349 diligen-

74 1373 162 1414 tem
189 1382 239 1413 ac
273 1367 449 1413 fidelem
489 1373 532 1412 te
569 1366 799 1419 salutabit,
829 1372 874 1411 et
910 1372 1099 1426 propter
1135 1365 1360 1426 insignem
1401 1372 1520 1412 tuam

74 1445 334 1491 fidelitatem
364 1446 407 1490 in
434 1444 532 1504 ejus
560 1458 748 1505 regnum
775 1443 1045 1489 admitteris.
1084 1463 1104 1483 »

141 1523 224 1579 Qui
264 1523 359 1569 haec
395 1527 623 1582 excerpta.
658 1521 796 1567 multo
830 1521 975 1582 magis
1013 1521 1088 1581 qui
1127 1522 1367 1566 Homiliam
1404 1522 1517 1568 inte-

73 1616 197 1664 gram
248 1616 348 1648 cum
395 1600 744 1661 interrogatoris
802 1601 998 1658 Epistola
1053 1599 1330 1652 contulerit,
1393 1599 1522 1645 facile

73 1680 261 1740 colliget
289 1679 443 1725 ambas
480 1679 548 1725 sic
585 1692 689 1724 esse
727 1683 1026 1737 comparatas,
1060 1684 1105 1722 ut
1142 1676 1246 1723 huic
1284 1691 1364 1736 per
1400 1677 1519 1722 illam

73 1757 352 1804 satisfactum
402 1757 472 1803 sit.
523 1756 774 1816 Aphraates
831 1755 1000 1815 quippe
1056 1754 1234 1800 videtur
1284 1755 1324 1798 in
1376 1754 1520 1814 prima

72 1837 394 1881 Dissertatione
428 1834 702 1895 praestitisse
746 1846 1045 1894 quaecumque
1086 1832 1226 1877 misso
1273 1832 1426 1878 libello
1466 1832 1520 1877 ab

72 1914 174 1974 ipso
198 1914 425 1974 postulata
451 1913 641 1964 fuerant,
666 1925 745 1957 seu
774 1931 795 1951 «
822 1910 1160 1970 conscripsisse
1188 1910 1518 1956 institutionem

72 1991 128 2038 de
165 1991 270 2045 tide,
301 1991 530 2051 quomodo
571 2004 731 2049 nempe
769 2003 818 2035 sc
859 1989 1033 2039 habeat,
1065 1988 1290 2049 quodnam
1329 1988 1388 2035 sit
1425 1988 1523 2047 ojus

72 2068 428 2121 fundamentum,
459 2067 686 2128 quodnam
712 2065 954 2112 aedificium
976 2066 1019 2110 in
1047 2066 1168 2126 quod
1198 2065 1271 2110 illa
1296 2065 1514 2125 assurgit.

0 2147 1 2159 ¹
73 2147 238 2207 quibus
267 2145 375 2192 insit
401 2145 678 2197 hominibus,
711 2145 858 2204 qualis
898 2143 994 2203 ejus
1034 2144 1363 2190 consummatio
1389 2150 1522 2203 atquc

0 2226 1 2232 ’
73 2224 310 2284 perfectio,
350 2237 554 2284 quaenam
590 2236 728 2282 opera
762 2222 815 2267 ad
859 2223 970 2267 hanc
1006 2221 1331 2281 perfectionem
1371 2221 1521 2281 requi-

74 2307 138 2347 rat
164 2300 230 2362 (1).
267 2320 288 2342 »

117 2462 163 2499 (1)
191 2461 271 2493 Haec
287 2465 371 2493 sunt
388 2459 465 2501 ipsa
484 2458 589 2492 amici.
609 2457 868 2502 interrogantis
883 2456 1137 2499 veroa‚qua1ia
1158 2464 1175 2488 a
1190 2455 1378 2497 Wrightio,
1392 2465 1447 2493 οι),
1461 2457 1519 2488 cit.

74 2545 151 2581 pag.
181 2541 211 2573 2,
238 2537 479 2572 exhibentur:
505 2528 603 2567 »ιι-ἕ
629 2528 740 2590 1332?
780 2515 879 2580 ibai]
915 2537 1012 2589 »ρο
1043 2527 1145 2566 &a
1170 2541 1240 2587 Ψ)
1270 2537 1358 2588 >03³
1387 2516 1522 2585 [vx]

75 2642 83 2651 .
109 2604 274 2668 aihta-t]
303 2615 424 2663 tamt?
464 2624 656 2675 &mmm
683 2605 798 2671 &N
830 2643 838 2652 .
871 2624 1068 2654 ὼωι
1111 2623 1294 2662 „nott-u?
1324 2601 1413 2667 [tat]
1449 2607 1524 2675 ¹³³⁶

72 2703 269 2761 τᾲμο
326 2730 334 2739 .
389 2690 524 2753 12:420
575 2693 718 2755 ima]
766 2703 841 2748 tm
884 2703 982 2741 ΜΟ
1030 2730 1038 2739 .
1087 2691 1297 2753 viantum!
1342 2717 1396 2755 ..ςι
1425 2700 1519 2760 με
