1737 2950
749 149 1042 191 ..184-

171 275 460 334 Vologesem,
496 288 584 319 non
628 275 774 321 solum
811 282 1133 321 commemorat
1176 275 1420 322 secundam
1453 276 1607 322 obses-

173 352 348 398 sionem
385 365 501 397 anno
539 349 632 397 346
669 352 754 398 sub
793 352 984 398 Babuaeo
1025 352 1250 398 accidisse
1275 358 1320 399 et
1344 352 1430 399 sub
1454 352 1613 399 eodem

175 430 341 475 bellum
369 428 600 475 Persicum
621 435 801 490 gestum
831 443 953 484 esse,
977 428 1058 476 sed
1085 429 1219 476 etiam
1239 443 1457 490 expresse
1482 429 1616 476 docet

174 505 259 552 sub
299 505 469 552 Jacobo
511 519 666 566 pacem
708 506 851 552 fuisse
896 513 940 553 et
982 506 1162 552 nonnisi
1200 520 1300 552 cum
1344 506 1489 567 ipsius
1527 505 1614 553 linc

176 583 345 629 finitam
372 597 491 630 esse.

241 662 380 718 Quam
407 666 551 707 autem
578 675 917 722 propugnamus
949 661 1004 708 de
1036 667 1238 722 tempore
1271 660 1430 708 mortis
1465 661 1513 708 S.
1541 662 1612 707 Ja-

174 738 275 785 cobi
302 738 593 799 positionem,
617 752 667 784 ea
692 752 780 784 non
802 738 1093 785 labefactatur
1118 739 1156 785 si
1183 739 1326 793 dicas,
1357 752 1456 785 cum
1484 739 1614 785 Chro-

175 816 424 874 noqraphia
451 814 559 860 Eliae
579 815 783 860 Nisibeni
811 814 858 878 (1)
883 820 926 861 et
953 816 1165 861 Chronico
1192 815 1406 861 Edesseno
1433 812 1498 878 (2),
1525 829 1614 861 non

175 906 274 938 eum
302 905 405 937 esse
425 891 629 936 ordinem
660 891 914 952 priscorum
942 891 1116 937 Nisibis
1141 890 1424 947 Antistitum‚
1448 895 1496 937 ut
1514 896 1615 937 ante

175 982 332 1014 omnes
353 967 466 1013 alios
492 967 800 1014 recensendus
827 969 887 1014 sit
912 969 957 1014 S.
983 968 1197 1022 Jacobus,
1230 966 1334 1013 dein
1374 966 1611 1021 Babuaeus,

176 1052 268 1091 tum
313 1045 578 1106 Vologeses,
621 1044 816 1105 denique
858 1045 1153 1099 Abrahamus,
1196 1044 1278 1091 sed
1315 1044 1362 1090 S.
1398 1044 1616 1090 Jacobum

177 1122 369 1167 Babuaeo
395 1121 779 1181 postponendum.
812 1122 936 1168 Hanc
961 1122 1145 1168 alteram
1183 1120 1512 1168 ordinationem
1545 1134 1616 1167 ve-

177 1198 295 1244 ritati
334 1197 563 1244 historicae
598 1212 684 1244 non
726 1212 978 1245 consonare
1013 1198 1232 1244 discimus
1265 1211 1318 1244 ex
1354 1197 1616 1244 testimonio

177 1275 359 1335 Georgii
399 1276 616 1322 Elmacini
656 1277 862 1322 Homaidi
895 1275 943 1338 (3)
975 1283 1019 1322 et
1048 1275 1369 1336 Abulpharagii
1403 1272 1468 1336 (4),
1505 1289 1616 1335 prae-

179 1353 334 1399 scrlim
361 1367 467 1399 vero
494 1353 539 1399 S.
567 1353 789 1413 Ephraemi
819 1353 860 1397 in
888 1353 984 1399 suis
1008 1354 1195 1422 Hypmis
1214 1353 1450 1398 Nisibenis.
1475 1352 1616 1398 Porro

179 1438 222 1477 ut
251 1445 454 1491 quaenam
493 1430 626 1476 fuerit
664 1431 811 1492 Magni
852 1431 1063 1477 Doctoris
1102 1433 1183 1476 hac
1217 1430 1273 1476 de
1309 1443 1358 1476 re
1394 1429 1617 1476 sententia

179 1507 391 1554 omnibus
417 1512 619 1567 apertum
646 1513 778 1567 atque
805 1508 1091 1553 manifestum
1119 1506 1210 1560 liat,
1240 1506 1373 1553 liceat
1404 1506 1617 1552 nonnulla

180 1599 231 1631 ex
259 1584 478 1645 praedieto
504 1583 701 1630 carmine
727 1584 829 1629 XIII
855 1583 1080 1630 adducere
1105 1589 1150 1629 et
1174 1583 1416 1643 explicare.

248 1664 302 1707 Et
327 1662 473 1722 primo
499 1661 699 1721 quidem,
730 1675 986 1708 sermonem
1012 1662 1084 1708 hic
1110 1675 1212 1707 esse
1237 1661 1293 1707 de
1318 1660 1464 1707 tribus
1494 1659 1616 1720 prio-

179 1739 304 1784 ribus
345 1738 587 1798 Episcopis
630 1737 862 1784 Nisibenis
903 1737 1202 1800 (quocumque
1238 1737 1416 1783 tandem
1459 1735 1618 1782 ordine

178 1817 292 1862 alius
318 1815 451 1861 alium
478 1815 738 1875 exceperit),
771 1815 966 1876 negabit,
987 1820 1035 1860 ut
1054 1815 1233 1875 opinor,
1265 1827 1395 1860 nemo
1422 1812 1498 1874 qui
1524 1818 1616 1858 tum

179 1893 324 1946 hunc,
366 1898 455 1938 tum
495 1891 828 1952 subsequentes
864 1891 1067 1951 ejusdem
1110 1889 1395 1937 collectionis
1441 1902 1614 1936 necnon

177 1970 379 2028 ejusdem
422 1969 673 2029 argumenti
714 1969 904 2029 hymnos
941 1982 1085 2028 usque
1127 1967 1180 2013 ad
1220 1967 1320 2012 XXI
1359 1967 1426 2013 vel
1471 1965 1618 2012 obiter

179 2045 443 2106 inspexerit.
495 2046 594 2091 Non
643 2046 790 2091 solum
834 2045 877 2090 in
926 2044 1125 2091 carmine
1169 2043 1288 2089 XVII
1331 2042 1618 2088 nominantur
1679 2059 1683 2091 ;
1721 2085 1723 2094 i

176 2122 390 2175 Jacobus,
421 2120 641 2167 Babuaeus
667 2128 711 2167 et
734 2121 1004 2181 Vologeses,
1034 2134 1187 2166 verum
1218 2124 1341 2165 totus
1375 2118 1617 2179 praesentis

179 2198 264 2244 loci
303 2202 541 2243 contextus
572 2197 813 2257 perspicue
849 2196 1016 2243 indicat
1052 2196 1234 2257 quinam
1270 2195 1496 2242 Praesulcs
1522 2195 1614 2240 lau-

177 2275 310 2321 dibus
337 2275 595 2321 efferantur.
621 2275 730 2321 Cum
756 2275 894 2330 enim,
926 2289 969 2321 v.
1000 2289 1070 2335 g.‚
1102 2273 1301 2321 omnium
1328 2272 1614 2320 sacerdotum

220 2451 266 2487 (ί)
290 2451 353 2490 Ap.
373 2447 550 2481 Abbeloos
567 2452 601 2480 et
622 2449 740 2489 Lamy‚
760 2448 819 2481 ubi
839 2456 959 2489 supra.

222 2503 270 2542 (Ξ)
298 2503 332 2535 Β.
353 2503 391 2535 Ο.
413 2502 439 2541 Ι,
461 2503 514 2535 ¹8.

222 2558 273 2597 (3)
299 2557 446 2591 Ibidem.

221 2614 269 2650 (4)
294 2612 335 2646 In
353 2612 512 2647 Historia
536 2613 798 2654 dynastiarum.
830 2612 899 2646 Cfr.
929 2611 1072 2652 Bickell‚
1104 2611 1224 2646 Carm.
1249 2611 1409 2646 Nisiben.
1439 2610 1612 2654 prolegg„

180 2676 212 2707 p.
233 2667 286 2700 ΞΟ.
