1737 2950
755 153 1047 194 „108-

187 281 275 325 lum
297 281 496 342 gerimus
517 280 733 325 adversus
757 279 929 325 hostem
952 283 1172 332 nostrum,
1190 279 1274 324 hoc
1294 279 1395 339 ipso
1415 278 1614 325 vicissim

188 362 343 402 contra
386 371 468 403 nos
511 362 761 417 pugnant-e,
804 362 846 401 ut
886 368 969 402 nos
1005 355 1059 401 ad
1098 355 1206 401 illud
1250 355 1425 402 vivendi
1472 369 1617 417 genus

189 434 307 496 quod
361 433 645 480 deseruimus
694 432 893 479 reducat.
949 431 1137 489 Quidam
1191 438 1338 478 autem
1385 446 1437 478 ex
1486 432 1618 478 nobis

189 512 428 557 vincuntur
464 512 862 571 vulneranturque‚
903 515 962 563 et,
999 509 1202 570 quamvis
1239 523 1418 555 reorum
1455 508 1619 556 delicta

191 588 424 635 manifesta
467 588 573 644 sint,
614 587 716 648 ipsi,
746 601 847 634 sese
878 587 1029 647 justos
1067 587 1306 648 fingentes,
1336 586 1377 631 in
1417 586 1501 632 hoc
1537 600 1620 632 suo

190 666 383 713 consilio
442 672 733 726 perseverant
791 679 873 711 nec
933 665 1205 725 resipiscere
1262 664 1416 710 volunt
1448 681 1458 718 ;
1516 664 1622 710 hinc

193 749 378 804 propter
414 743 631 804 pudorem
667 742 716 805 (1)
756 757 886 788 suum
924 742 1169 788 secundam
1207 740 1375 787 obeunt
1412 746 1617 795 mortem,

193 834 338 881 neque
365 821 484 866 illius
511 820 803 866 recordantur
828 819 904 880 qui
931 824 1158 865 scrutatur
1182 817 1503 864 conscientias.
1535 815 1622 863 Alii

193 911 298 943 vero
341 903 574 957 peecatum
616 896 903 950 confitentur,
957 895 1033 941 sed
1084 895 1137 940 ad
1180 894 1489 955 poenitentiam
1534 908 1622 940 non

193 974 489 1019 admittuntur
519 1011 679 1020 ........
719 993 740 1014 n

262 1053 307 1096 ln
335 1052 419 1097 lioc
446 1052 562 1106 loco,
592 1052 714 1097 viros
742 1051 861 1103 illos,
891 1051 967 1111 qui
993 1064 1095 1096 sese
1121 1050 1213 1095 Deo
1252 1063 1332 1108 per
1368 1053 1624 1108 susceptam

195 1130 327 1174 vitam
357 1129 646 1175 monasticam
668 1129 980 1182 devinxerunt,
1006 1127 1189 1173 eosdem
1212 1139 1332 1180 esse,
1357 1139 1410 1172 ex
1427 1126 1625 1172 auctoris

197 1212 360 1255 mente,
385 1219 484 1251 eum
507 1206 562 1251 iis
588 1206 663 1266 qui
691 1205 792 1251 dein
821 1218 1022 1266 pugnare
1047 1210 1090 1249 et
1115 1202 1368 1264 impugnari
1395 1202 1622 1257 dicuntur,

196 1296 477 1343 quorumque
521 1282 722 1328 nonnulli
766 1282 931 1327 cadunt
973 1280 1190 1342 pedemve
1239 1279 1455 1334 referunt,
1503 1284 1627 1325 certo

197 1359 365 1405 certius
392 1365 459 1405 est
489 1375 497 1405 τ
529 1359 565 1405 si
605 1359 722 1404 enim
760 1364 914 1405 contra
950 1358 1129 1404 obvium
1168 1357 1407 1403 verborum
1444 1369 1627 1402 sensum

199 1451 410 1497 poneres,
443 1451 528 1482 non
558 1437 682 1496 ipsos
710 1436 812 1481 illos
835 1421 1010 1481 ascetas
1046 1435 1099 1479 ab
1138 1433 1445 1480 infensissimo
1482 1432 1630 1479 omnis

201 1515 303 1560 boni
332 1516 459 1561 lioste
486 1515 646 1560 lacessi
687 1521 730 1560 et
766 1514 817 1559 ad
857 1514 1161 1560 desertionem
1189 1512 1257 1558 sui
1291 1517 1434 1558 slatus
1461 1510 1630 1557 sollici·

200 1593 298 1642 tari,
324 1593 412 1651 jam
442 1606 526 1637 non
552 1592 820 1651 intelligitur
855 1591 1033 1651 quinam
1074 1589 1278 1634 homines
1316 1589 1383 1634 vel
1416 1602 1546 1648 quam
1574 1587 1631 1633 ob

200 1684 377 1716 causam
418 1671 579 1716 bellum
618 1678 792 1730 gerant,
823 1668 1035 1729 quidnam
1070 1668 1256 1727 insuper
1281 1666 1368 1729 sibi
1395 1666 1533 1712 velint
1559 1665 1632 1711 illa

203 1749 518 1793 nonnullorum
547 1747 698 1793 clades
722 1747 1021 1806 vulneraque;
1052 1745 1226 1805 paucis,
1248 1743 1465 1790 orationis
1492 1755 1633 1788 nexus

203 1826 453 1870 nullatenus
481 1825 566 1869 sibi
595 1831 786 1870 constat.
819 1824 895 1868 Sin
924 1829 1068 1868 autem
1111 1822 1167 1867 ita
1205 1827 1372 1867 textum
1411 1821 1632 1880 interpre—

204 1902 313 1948 teris
349 1909 396 1947 ut
428 1901 650 1954 monachi,
694 1914 781 1945 non
821 1900 893 1945 alii
933 1899 1229 1959 quicumque,
1271 1903 1315 1944 et
1347 1896 1499 1958 impeti
1536 1909 1635 1956 per·

205 1979 457 2031 hibeantur‚
489 1984 532 2024 et
558 1979 771 2038 impetum
802 1976 924 2021 vario
962 1989 1179 2021 successu
1215 1973 1458 2026 sustinere,
1488 1971 1637 2019 omnia

206 2056 444 2116 perspicua
489 2056 625 2111 fiunt,
670 2061 862 2114 apteque
910 2053 1152 2099 eohaerent.
1203 2052 1343 2097 Porro
1388 2050 1636 2110 Apbraates

204 2138 356 2192 aperte
399 2132 625 2192 significat
668 2132 711 2175 in
755 2144 908 2176 eorum
951 2129 1048 2175 acie
1097 2143 1145 2174 se
1192 2127 1362 2173 versari
1411 2125 1485 2188 qui
1532 2125 1635 2172 belli

206 2224 337 2255 casus
375 2209 570 2255 subeunt
605 2214 647 2253 et
683 2207 883 2267 pericula
914 2222 921 2249 1
954 2225 975 2246 «
1010 2206 1180 2251 Bellum
1216 2205 1429 2263 gerimus,
1473 2201 1632 2262 inquit,

207 2288 425 2333 adversus
475 2287 648 2332 hostem
697 2293 926 2337 nostrum,
979 2284 1063 2329 hoc
1112 2282 1310 2328 vicissim
1361 2286 1518 2327 contra
1560 2294 1638 2326 nos

210 2371 452 2424 pugnante,
480 2370 526 2409 ut
546 2377 624 2409 nos
650 2363 704 2408 ad
726 2362 831 2407 illud
856 2361 1032 2407 vivendi
1054 2374 1199 2421 genus
1219 2358 1339 2419 quod
1359 2359 1639 2405 deseruimus

254 2519 301 2557 (1)
324 2497 472 2555 121-σῶ
498 2528 648 2554 nomen,
682 2526 698 2550 a
734 2515 850 2550 radice
876 2497 991 2557 Aes-0,
1026 2512 1190 2550 erubuit,
1224 2510 1442 2550 derivatum,
1475 2513 1573 2543 notat
1605 2514 1641 2543 et

211 2576 391 2616 pudorem.
414 2579 447 2608 et
466 2574 612 2617 pudoris
631 2580 774 2606 causam
792 2580 854 2605 seu
872 2571 1078 2612 foedz'mtem.
1099 2569 1251 2609 Uterque
1267 2574 1396 2600 sensus
1419 2565 1477 2599 hic
1501 2563 1639 2599 admitti

212 2638 318 2674 posse
334 2630 486 2663 videtur.
517 2630 641 2663 Sermo
670 2626 821 2671 proinde
847 2630 902 2661 est
928 2625 982 2660 vel
1005 2624 1049 2659 de
1074 2627 1213 2666 peccato
1230 2622 1350 2665 aliquo
1368 2620 1641 2660 monachorum,

212 2685 264 2719 vel
297 2685 340 2718 de
372 2684 499 2718 rubore
531 2691 602 2726 quo
630 2686 835 2726 peccatores
863 2679 1108 2723 impediuntur
1136 2686 1180 2713 ne
1212 2678 1352 2721 culpam
1379 2678 1575 2720 agnoscant
1605 2677 1641 2709 et

213 2739 433 2784 poenitentiae
449 2739 588 2773 actibus
602 2746 680 2773 eam
699 2737 910 2780 expiandam
929 2739 1066 2770 curent.
