1737 2950
746 136 1040 179 ..190-

168 261 372 308 historici
415 261 569 308 saeculi
605 261 663 307 Xl
705 267 997 322 anteponere.
1045 261 1203 307 Utrum
1250 266 1397 308 autem
1439 260 1480 307 is
1523 261 1604 317 sit,

168 352 299 399 quem
347 338 562 394 diximus,
612 339 837 400 genuinus
883 338 1109 398 Ephraemi
1158 353 1352 392 sensuS,
1399 337 1608 398 judicent

167 415 300 476 periti
321 422 365 461 et
389 415 506 475 aequi
531 415 686 462 harum
713 429 860 461 rerum
884 415 1206 461 aestimatores.

315 602 338 661 ἓ
373 603 420 650 2.
461 618 753 650 EXPENDUNTUR
789 617 1169 656 CONFUTANTURQUE
1205 617 1452 650 ARGUMENTA

700 694 821 727 NOBIS
857 694 1071 727 OPPOSITA.

236 815 296 859 Ex
331 813 387 860 iis
418 827 519 874 quae
543 813 597 858 ad
623 814 926 871 Epi-stolarum
950 813 1189 874 Aphraatis
1213 819 1444 875 γνησιότητα
1470 814 1609 862 stabi-

170 890 362 936 liendam
387 890 637 945 attulimus,
660 890 751 949 jam
779 889 924 936 facilis
950 890 1037 936 erit
1063 891 1301 950 responsio
1335 890 1390 937 ad
1415 890 1610 938 difficul-

170 973 283 1012 tates
340 980 441 1026 quae
482 972 637 1011 contra
679 965 880 1025 ejusdem
924 967 1122 1012 auctoris
1159 966 1277 1025 jura,
1324 967 1420 1013 sive
1461 967 1609 1027 quoad

168 1058 326 1089 omncs
350 1044 566 1089 Homilias
591 1043 853 1096 universim,
882 1042 978 1088 sive
1009 1043 1244 1102 speciatim
1276 1043 1423 1103 quoad
1461 1045 1609 1090 Homi-

168 1122 277 1166 liam
306 1122 421 1173 XIV,
458 1120 706 1180 propositae
743 1127 849 1165 sunt
884 1121 955 1165 vel
992 1119 1185 1179 proponi
1223 1126 1428 1180 possent.
1462 1121 1610 1176 Quare

169 1197 344 1256 objecta
382 1198 455 1242 illa
492 1196 756 1258 singillatim
784 1202 827 1243 et
851 1196 950 1243 fuse
987 1197 1241 1244 examinare
1279 1211 1362 1244 nec
1398 1211 1610 1244 necessa·

169 1274 283 1320 rium
311 1274 442 1320 nobis
469 1280 556 1327 est,
588 1287 669 1319 nec
695 1279 1018 1333 opportunum.
1044 1273 1186 1319 Nobis
1213 1274 1324 1320 satis
1349 1274 1435 1320 erit
1454 1273 1609 1320 eadem

171 1350 437 1397 brevissime
471 1364 711 1396 recensere
747 1356 792 1395 et
826 1363 907 1409 per
938 1363 1111 1396 summa
1137 1356 1308 1395 tautum
1333 1349 1480 1410 capita
1505 1363 1610 1396 con-

169 1428 350 1473 vellere.
408 1427 516 1482 Quae
568 1426 815 1472 confutatio
869 1425 923 1470 ad
980 1426 1298 1484 compendium
1352 1431 1608 1481 contracta,

169 1504 344 1550 etiamsi
372 1510 414 1549 et
442 1503 538 1562 ipsa
565 1503 715 1548 forsan
744 1508 846 1561 post
872 1502 1090 1547 hactenus
1127 1502 1246 1548 dicta
1278 1501 1426 1548 miuus
1452 1516 1609 1549 neces-

170 1581 286 1626 saria
319 1580 450 1626 alicui
487 1579 707 1632 videatur,
751 1578 861 1624 illud
897 1585 1020 1624 certe
1055 1579 1281 1625 commodi
1317 1579 1522 1633 habebit,
1564 1585 1612 1625 ut

170 1657 455 1702 occasionem
479 1656 647 1716 passim
669 1655 866 1716 praebeat
884 1661 1147 1716 argumenta
1166 1656 1210 1700 in
1232 1655 1514 1716 paragrapho
1535 1669 1610 1701 su-

171 1733 349 1793 periore
367 1732 559 1778 adducta
578 1732 860 1792 aliquatenus
873 1731 1168 1778 confirmandi
1182 1738 1315 1792 atque
1331 1731 1604 1778 illustrandi.

174 1923 205 1966 l.
248 1923 585 1967 Examinantur
626 1922 915 1979 difficultates
949 1934 1049 1979 quoe
1084 1921 1301 1966 adversus
1336 1921 1610 1981 Aphraqtem

310 1997 457 2055 quoad
481 2010 630 2042 omnes
654 1998 900 2054 qeneratim
925 1996 1141 2041 Homilz’as
1165 2002 1470 2054 congeruntur

240 2128 454 2175 Rationes
491 2142 649 2175 omnes
684 2142 785 2189 quae
822 2136 989 2175 nostrae
1021 2129 1257 2175 sententiae
1282 2129 1427 2189 prima
1451 2129 1610 2174 saltem

174 2207 320 2252 fronte
340 2207 568 2253 adversari
589 2207 799 2253 videntur
812 2207 960 2254 editor
978 2207 1289 2254 translationis
1310 2206 1609 2260 Armeniacae,

175 2283 217 2327 in
250 2298 330 2329 sua
362 2283 626 2343 praefatione
659 2283 725 2344 (1),
764 2285 839 2329 ubi
874 2285 1067 2344 probare
1101 2284 1335 2330 contendit
1371 2283 1608 2338 Romilia-3,
1683 2279 1686 2282 ⁴

174 2361 356 2419 dempta
391 2360 608 2420 synodica
643 2360 728 2420 (ed.
760 2361 855 2407 Wr.
886 2359 1018 2422 XlV),
1047 2376 1071 2406 a
1108 2362 1155 2407 S.
1183 2361 1354 2407 Jacobo
1390 2359 1612 2406 Nisibeno
1685 2342 1688 2347 ⁴

175 2443 377 2482 exaratas
419 2450 539 2490 esse,
587 2450 674 2482 uno
717 2437 846 2496 quasi
883 2443 1132 2497 conspectu
1170 2435 1390 2483 exhibuit.
1435 2434 1611 2481 ldcirco
1721 2440 1725 2491 ζ

176 2525 276 2570 quae
301 2510 428 2558 affert
454 2511 610 2571 paucis
636 2511 914 2558 excutiamus
939 2517 1137 2572 oportet.

221 2665 267 2703 (1)
292 2663 360 2697 Cir.
379 2664 415 2697 S.
435 2663 569 2704 Jacobi,
589 2662 751 2703 Episcopi
771 2662 946 2703 Nisibeni,
967 2671 1157 2704 sermones,
1177 2661 1314 2704 praefat.
1336 2670 1395 2705 pp.
1413 2661 1508 2696 2-16.
