1737 2950
608 457 1114 523 PROOEMIUM.

200 757 567 802 Dissertationem
611 756 665 801 ad
707 755 1062 816 promerendum
1105 755 1320 802 Doctoris
1361 755 1408 802 S.
1447 757 1588 803 Theo-

135 843 269 904 logiae
310 842 499 905 gradum
535 843 810 904 scripturus,
849 856 930 889 cur
965 842 1197 889 materiam
1231 843 1449 903 elegerim
1485 857 1587 904 quae

136 931 283 992 primo
310 931 470 978 saltem
496 935 682 991 aspectu
718 944 820 976 cum
857 944 904 977 re
939 930 1200 992 theologica
1237 944 1327 978 non
1354 931 1414 976 ita
1440 931 1588 977 cobae-

137 1034 237 1066 rere
263 1019 482 1075 videatur,
511 1033 644 1065 nemo
683 1033 961 1080 magnopere
1001 1018 1255 1076 mirabitur,
1295 1019 1372 1080 qui
1413 1020 1590 1066 noverit

136 1108 190 1154 ad
225 1107 484 1168 hujusmodi
518 1120 635 1168 opus
670 1106 1016 1167 suscipiendum
1054 1107 1290 1154 inductum
1334 1122 1403 1155 me
1446 1107 1588 1155 fuisse

138 1195 332 1242 consilio
357 1195 558 1241 virorum
584 1194 751 1255 quibus
772 1194 884 1240 nihil
906 1208 995 1241 non
1015 1195 1236 1241 debebam
1263 1196 1582 1243 observantiae.

139 1284 340 1340 Quorum
388 1281 669 1343 caeteroquin
719 1282 922 1329 suasioni
971 1296 1025 1329 eo
1074 1282 1292 1329 libentius
1340 1283 1589 1331 obsecutus

137 1386 255 1428 sum,
285 1372 426 1433 quod,
455 1385 727 1433 quamquam
752 1371 928 1418 litteras
955 1371 1164 1433 Syriacas
1201 1372 1384 1419 vixdum
1418 1373 1587 1434 primo·
1632 1426 1635 1430 ,

138 1461 265 1507 ribus
312 1459 452 1506 labris
494 1459 750 1520 attigeram,
796 1459 1106 1520 intelligebam
1149 1465 1296 1506 tamen
1339 1475 1394 1507 ex
1435 1475 1588 1508 earum

138 1547 402 1610 cognitione
443 1554 487 1594 et
528 1547 651 1594 cultu
691 1561 780 1594 non
831 1562 987 1608 parum
1035 1548 1326 1595 emolumenti
1372 1550 1591 1596 accedere

139 1650 278 1697 posse
321 1635 458 1682 variis
501 1635 761 1696 disciplinis
802 1636 962 1690 sacris,
1003 1636 1229 1696 imprimis
1268 1637 1473 1684 scientiae
1508 1653 1586 1698 pa-

139 1724 330 1772 tristicae
374 1730 418 1771 et
464 1723 841 1784 scripturisticae,
894 1737 977 1770 nec
1025 1725 1219 1784 proinde
1268 1725 1368 1772 illas
1416 1741 1440 1772 a
1488 1741 1588 1774 meo

140 1825 326 1858 munere
350 1811 520 1858 alienas
552 1810 828 1872 reputandas
853 1824 981 1864 esse;
1020 1811 1109 1857 nisi
1144 1812 1265 1872 quis,
1296 1813 1418 1874 quod
1449 1814 1585 1868 absit,

140 1899 322 1945 Patrum
348 1896 639 1943 traditionem
665 1902 709 1943 et
734 1897 1007 1958 penitiorem
1032 1897 1228 1958 aliquam
1255 1905 1406 1946 textus
1442 1900 1586 1961 inspi—

140 1985 224 2032 rati
271 1984 683 2046 perscrutationem
730 1984 785 2030 ad
833 1984 1038 2046 theologi
1080 1991 1234 2046 partes
1282 1987 1406 2033 nullo
1453 1989 1588 2035 modo

141 2072 370 2133 pertinere
395 2072 672 2119 contendere
696 2072 821 2118 velit.
853 2072 963 2118 Mihi
991 2072 1181 2134 insuper
1214 2074 1330 2120 baud
1370 2076 1589 2123 mediocri

140 2161 359 2223 voluptati
380 2166 476 2208 erat
496 2161 689 2223 vestigia
709 2175 936 2222 premere,
957 2161 1063 2209 lieet
1080 2176 1169 2209 non
1194 2164 1407 2224 passibus
1422 2165 1585 2226 aequiS‚

143 2263 421 2296 summorum
448 2248 650 2296 virorum
675 2249 754 2310 qui
780 2248 823 2295 in
851 2249 934 2296 hac
960 2248 1089 2296 Alma
1115 2250 1420 2298 Universitate
1446 2253 1589 2299 Lova-

145 2336 292 2383 niensi
329 2336 493 2383 iisdem
531 2336 697 2383 studiis
730 2337 801 2383 vel
839 2337 1035 2384 floruere
1069 2344 1216 2393 antea,
1244 2339 1316 2385 vel
1347 2339 1592 2386 etiamnum

145 2425 325 2472 florent.
363 2426 428 2471 Ex
471 2425 638 2486 quibus
681 2425 796 2473 duos
839 2426 1029 2473 honoris
1058 2426 1184 2486 juxta
1221 2441 1271 2473 ac
1305 2427 1422 2489 grati
1456 2429 1592 2474 animi
