1737 2950
770 173 963 212 -4-

222 295 447 357 Georgius
498 300 647 341 tamen
698 309 751 342 ex
792 295 990 341 omnium
1034 295 1261 341 sententia
1304 295 1347 340 in
1391 295 1600 344 scientiis

156 371 483 419 ecelesiasticis
532 371 869 418 versatissimus
920 371 1018 425 suit,
1066 377 1110 417 et
1160 371 1279 425 ideo,
1325 371 1599 433 ubicumque

155 448 459 509 praeJudicatae
503 452 640 493 sectae
677 448 918 509 opiniones
952 462 1040 493 non
1067 445 1271 501 obstant,
1311 462 1412 494 eum
1452 449 1597 496 omni·

158 524 289 570 moda
310 523 397 569 fide
421 522 724 582 dignumjure
746 523 908 569 merito
935 523 1123 569 dixeris.
1153 523 1301 583 Opera
1327 524 1442 570 bene
1462 525 1600 570 multa

156 600 404 659 scripsisse
449 599 715 658 perhibetur
756 614 779 645 a
821 600 966 660 Syris.
999 600 1200 655 Quorum
1232 600 1391 646 notitia
1432 601 1487 646 ad
1513 614 1598 647 nos

157 675 378 735 pervenit,
410 675 505 720 haec
526 681 632 720 sunt
661 692 668 720 :

227 753 267 796 1ο
294 753 625 797 commentaria
651 753 696 796 in
723 754 1023 810 Ser-immam,
1052 766 1152 812 quae
1174 752 1343 811 passim
1364 751 1601 798 laudantur

155 843 176 873 3
206 828 475 873 Barliebraeo
502 827 544 871 in
571 829 734 874 Hor-reo
759 831 1097 887 mysteriorum,
1122 842 1314 888 quorum
1334 828 1467 874 etiam
1484 827 1600 890 frag-

157 909 304 950 menta
330 908 482 948 extant
507 902 551 946 in
581 902 723 949 Codd.
757 904 866 949 Mss.
899 904 1000 964 Syr.
1030 904 1127 949 Vat.
1161 902 1189 947 3
1216 910 1259 948 et
1286 902 1364 949 16.

222 978 268 1023 2⁰
296 982 354 1024 De
373 980 579 1024 chronico
599 993 678 1025 scu
700 981 959 1025 calendario
980 994 1160 1025 carmen
1189 979 1595 1040 elegantissimum,

155 1072 284 1129 cujus
328 1071 485 1116 titulus
530 1085 541 1117 :
591 1079 753 1145 ἐφεὶς
805 1079 1003 1117 ὢααὲ,
1049 1079 1194 1130 ...5.εοῖ
1243 1070 1402 1124 lala
1442 1070 1600 1131 lantso

158 1214 166 1223 .
207 1187 436 1245 &2242052
477 1182 677 1230 &Ruga-§.0
719 1174 960 1226 iaeanmsl
1011 1168 1258 1234 ὶ-δᾶᾼὲαδρ
1300 1172 1602 1252 ,ἥξοι-,Ἓξ

159 1284 179 1302 «
213 1263 399 1308 Carmen
438 1269 579 1308 metro
612 1262 706 1306 Mar
740 1261 896 1307 Jacobi
922 1262 982 1322 (h.
1014 1275 1055 1307 e.
1087 1259 1452 1321 dodecasyllabo)
1480 1273 1601 1306 com-

158 1339 355 1397 positum
393 1353 416 1383 a
445 1338 661 1398 Georgio,
694 1338 896 1397 gentium
938 1336 1184 1397 Episcopo,
1222 1337 1277 1383 de
1309 1335 1542 1382 chronico.
1572 1354 1595 1376 »

160 1416 254 1460 Hoc
270 1423 494 1474 poemate,
520 1414 640 1474 quod
662 1414 705 1457 in
728 1413 874 1472 capita
894 1413 1055 1473 viginti
1077 1419 1268 1472 quatuor
1292 1413 1485 1459 divisum
1506 1418 1594 1476 est,

159 1491 214 1536 de
259 1497 431 1550 epacta,
476 1491 530 1535 de
569 1490 696 1535 festis
740 1489 984 1534 mobilibus
1023 1489 1324 1541 inveniendis,
1371 1488 1426 1534 de
1471 1488 1600 1548 cyclo

159 1568 295 1613 solari
339 1573 383 1612 et
424 1566 584 1618 lunari,
631 1566 686 1610 de
730 1565 963 1611 mensibus
1006 1572 1049 1611 et
1091 1564 1410 1618 hebdomadis,
1453 1564 1601 1624 deque

157 1644 257 1688 aliis
283 1643 337 1688 ad
365 1647 624 1701 computum
653 1641 1012 1686 ecclesiasticum
1039 1640 1353 1699 spectantibus
1381 1640 1602 1686 brevissi-

161 1734 272 1764 mam
310 1733 438 1779 rcquc
477 1726 521 1765 et
555 1719 888 1764 exactissimam
932 1718 1191 1763 methodum
1231 1717 1365 1762 tradit
1407 1722 1597 1770 auctor,

159 1803 427 1855 enarratque
465 1796 562 1855 ipse
602 1796 644 1839 in
682 1795 963 1854 praefatione,
1005 1794 1235 1839 scribendi
1272 1794 1404 1851 hujus
1447 1793 1601 1853 operis

159 1872 445 1917 occasionem
478 1885 581 1916 sese
617 1877 795 1916 nactum
827 1884 930 1915 esse
964 1884 1016 1915 ex
1042 1883 1152 1914 vana
1178 1869 1411 1927 cujusdam
1439 1868 1601 1914 Arabis

157 1949 386 2005 jactantia,
412 1949 487 2008 qui
517 1948 746 2007 ingenium
774 1947 967 1992 Arabum
994 1953 1228 2005 poetarum
1257 1946 1315 1991 ita
1339 1945 1599 1998 extollebat,

164 2032 207 2069 ut
236 2025 507 2084 reliquarum
535 2024 734 2083 gentium
757 2029 912 2082 poetas
940 2023 1069 2068 flocci
1098 2022 1279 2067 faceret.

229 2100 274 2144 3⁰
303 2101 486 2145 Duobus
530 2099 745 2158 operibus
785 2098 1044 2151 nominatis,
1075 2111 1175 2157 quae
1199 2097 1294 2142 Jos.
1328 2096 1438 2142 Sim.
1467 2096 1600 2143 Asse—

165 2191 321 2221 manus
363 2190 415 2220 ex
461 2175 602 2220 Codd.
653 2174 867 2220 Romanis
912 2173 1294 2226 commemoravit,
1323 2161 1425 2217 'alia
1473 2173 1602 2232 plura

164 2251 368 2298 addenda
395 2257 517 2302 sunt,
545 2265 643 2309 quse
668 2251 734 2295 vir
760 2250 817 2294 cl.
842 2249 1097 2308 Wriglitius
1135 2249 1176 2294 in
1213 2249 1422 2307 Gataloyo
1459 2248 1592 2294 codd.

163 2330 269 2373 Mas.
300 2329 455 2372 Musoez'
483 2328 737 2371 Britcmnz'cz'
761 2325 808 2385 (i)
836 2331 1062 2370 recenset.
1588 2330 1591 2331 ’

231 2404 283 2448 Et
316 2403 497 2462 quidem
524 2402 664 2447 codex
690 2402 763 2461 qui
795 2401 908 2446 inter
935 2401 1168 2446 addititios
1199 2413 1386 2445 numero
1415 2396 1595 2453 14,659

166 2485 440 2538 praenotatus
476 2484 543 2524 est
582 2483 733 2537 partes
773 2483 863 2523 tres
903 2478 1070 2534 Orqani
1111 2476 1389 2528 Aristotelis,
1426 2473 1602 2535 syriace

209 2664 254 2698 (t)
281 2661 348 2692 cfr.
372 2662 404 2693 Ρ.
428 2662 484 2697 ΙΙΙ,
506 2668 570 2702 pag
607 2659 837 2699 ¹275,eta1i„i
861 2658 935 2692 loca
957 2658 1002 2691 ibi
1023 2657 1189 2691 indicata.
