1737 2950
681 197 978 241 -318-

112 327 234 378 runt,
264 320 409 367 donec
433 321 666 368 adveniret
683 321 904 375 Jacobus;
929 321 969 368 is
990 327 1138 368 autem
1162 322 1328 370 robore
1351 323 1550 384 pastoris

112 397 188 458 qui
226 397 371 458 ipsius
409 397 575 444 lumbis
611 398 770 452 inerat,
801 397 996 459 lapidem
1033 399 1234 453 sustulit,
1272 413 1550 462 gregemque

111 474 365 535 adaquavit.
398 475 461 520 lta
486 481 530 520 et
555 475 737 535 plurimi
778 474 1012 534 prophetae
1045 482 1266 522 venerunt
1296 490 1442 537 neque
1468 491 1548 537 po-

110 557 294 597 tuerunt
319 549 601 611 Baptismum
629 550 846 605 revelare,
876 550 1022 597 donec
1052 557 1290 612 appareret
1324 553 1550 613 Propheta

110 642 319 689 magnus,
349 628 425 688 qui
462 627 585 673 illum
619 629 744 674 solus
782 627 969 682 detexit,
999 642 1052 674 eo
1078 629 1246 675 tinctus
1277 635 1347 676 est
1371 636 1416 676 et
1438 643 1549 678 voce

109 704 233 750 suavi
261 704 466 750 clamavit
492 702 540 765 (ι)
564 720 571 748 :
599 704 875 763 Quicumque
896 706 994 750 sitit
1019 706 1169 751 veniat
1188 706 1247 752 ad
1263 720 1332 752 me
1348 713 1391 752 et
1409 707 1543 754 bibat.

110 783 266 828 Denuo
292 794 454 841 preces
481 780 593 826 fudit
618 781 833 833 Jacobus‚
863 781 968 827 dum
1006 796 1029 827 a
1066 782 1245 828 Labano
1283 783 1475 836 rediret;
1505 789 1550 830 et

108 871 132 904 e
174 858 380 903 manibus
416 857 566 910 Esavi,
608 857 761 904 fratris
804 858 892 912 sui,
934 864 1116 919 ereptus
1155 865 1240 906 est.
1283 859 1359 906 Sic
1400 865 1547 906 autem

108 935 267 987 oravit,
297 934 541 994 gratiarum
579 934 780 980 actiones
818 934 1102 996 conjungens
1128 936 1176 996 (2)
1207 951 1218 981 ε
1248 936 1357 982 Cum
1392 937 1549 983 baculo

107 1025 199 1057 meo
224 1011 461 1057 Jordanem
486 1013 622 1056 istum
649 1013 808 1070 traJ'eez'
821 1031 834 1068 ;
863 1027 984 1058 nunc
1008 1026 1108 1058 vero
1136 1013 1196 1059 ad
1231 1014 1346 1059 duas
1374 1021 1548 1060 turmas

106 1095 268 1133 auctus
308 1102 425 1132 sum.
467 1086 502 1133 Ο
543 1087 653 1132 mira
696 1088 942 1134 Salvatoris
979 1089 1123 1135 nostri
1160 1089 1326 1150 figura!
1359 1090 1546 1146 Quando

107 1164 225 1210 enim
262 1164 455 1224 primum
489 1164 611 1210 venit
644 1165 862 1210 Dominus
898 1171 1072 1216 noster,
1103 1165 1301 1226 prodivit
1326 1179 1350 1212 e
1385 1172 1546 1213 trunco

105 1241 267 1294 Jessae,
302 1247 350 1286 ut
383 1240 612 1294 surculus,
649 1240 809 1287 baculo
846 1241 1004 1287 Jacobi
1038 1240 1227 1296 similis;
1263 1256 1364 1288 cum
1398 1248 1545 1288 autem

105 1333 129 1364 a
168 1319 298 1364 Patre
342 1318 502 1364 iterum
545 1317 852 1372 descenderit,
893 1318 946 1364 ad
986 1319 1192 1366 eumdem
1235 1319 1402 1366 redibit
1444 1333 1545 1365 cum

106 1396 280 1442 duabus
318 1395 495 1449 turmis,
541 1395 678 1441 altera
715 1409 767 1442 ex
803 1396 972 1456 populo
1010 1396 1211 1451 Israelis,
1245 1410 1298 1443 ex
1333 1397 1545 1458 gentibus

104 1473 242 1519 altera
267 1472 476 1525 conflata,
506 1471 882 1531 quemadmodum
907 1472 1127 1518 Jaeobum
1154 1472 1207 1518 ad
1234 1479 1405 1533 patrem
1427 1474 1545 1520 Isaa-

105 1563 205 1595 cum
231 1554 530 1594 revertentem
556 1547 655 1593 duze
682 1554 838 1594 turmae
865 1549 1213 1594 comitabantur.
1247 1549 1388 1595 Porro
1412 1550 1543 1596 Jaco-

105 1626 189 1672 bus
223 1639 433 1672 reversus
469 1631 538 1671 est
568 1638 669 1670 cum
704 1625 914 1671 undecim
950 1625 1072 1679 filiis,
1107 1632 1150 1671 et
1181 1640 1281 1671 cum
1314 1626 1544 1674 Salvatore

104 1709 262 1750 nostro
294 1703 475 1749 venient
507 1703 715 1748 undecim
748 1703 962 1764 discipuli
996 1704 1116 1763 ejus;
1147 1718 1199 1751 ex
1231 1705 1390 1751 horum
1423 1706 1543 1752 enim

104 1793 292 1826 numero
336 1780 547 1825 exclusus
591 1785 660 1825 est
693 1779 850 1826 Judas.
892 1780 1056 1826 Postea
1091 1780 1270 1827 demum
1307 1788 1437 1828 natus
1474 1787 1544 1828 est

105 1856 412 1915 Benjaminus,
442 1855 570 1915 cujus
605 1856 871 1902 accessione
905 1856 1085 1903 suerunt
1115 1857 1355 1904 duodecim
1385 1858 1542 1905 Jacobi

105 1933 200 1986 filii,
228 1933 397 1993 pariter
423 1932 603 1978 nonnisi
638 1933 883 1992 posteriori
917 1939 1119 1994 tempore
1144 1934 1316 1981 electus
1341 1941 1412 1981 est
1435 1936 1542 1982 Bar-

105 2009 391 2061 tholomaeus,
431 2023 520 2069 quo
557 2008 768 2067 adjuncto
805 2009 986 2055 fuerunt
1021 2009 1260 2056 duodecim
1297 2010 1542 2057 Salvatoris

105 2086 248 2132 nostri
286 2085 515 2145 discipuli.
556 2086 611 2130 Et
648 2085 743 2131 haec
780 2086 962 2146 quidem
999 2086 1055 2132 de
1091 2086 1352 2146 precatione
1385 2087 1541 2134 Jacobi

104 2161 294 2208 dicenda
321 2168 463 2208 erant.
494 2180 517 2203 2>

171 2237 358 2297 Legcnti
386 2237 566 2283 obvium
595 2244 664 2284 est
692 2244 941 2292 auctorem,
970 2239 1013 2284 in
1041 2239 1098 2285 iis
1124 2253 1224 2299 quae
1258 2239 1537 2299 praecedunt.

104 2312 159 2359 de
180 2326 267 2358 uno
288 2313 381 2359 sere
402 2327 538 2359 sensu
564 2313 756 2374 mystico
778 2320 821 2360 et
839 2315 1084 2375 allegorico
1110 2315 1356 2361 sollicitum
1375 2315 1534 2362 fuisse.

103 2389 197 2434 Nec
217 2389 347 2448 pauci
369 2394 475 2434 sunt
493 2389 610 2449 apud
631 2402 731 2435 eum
753 2390 956 2449 ejusdem
983 2390 1150 2436 indolis
1170 2391 1284 2445 loci;
1310 2391 1540 2452 similique

105 2465 476 2525 interpretatione
502 2465 705 2512 stabilire
732 2467 890 2513 nititur
915 2466 1030 2514 duos
1065 2466 1168 2514 illos
1199 2481 1394 2524 errores,
1421 2481 1536 2528 quos

147 2637 193 2676 (1)
215 2637 318 2670 Joan.
339 2637 410 2676 vn,
429 2638 485 2671 37.

146 2689 193 2731 (Ξ)
218 2690 339 2725 Genes.
360 2691 489 2731 XXXII,
509 2692 560 2725 10.
