1737 2950
717 159 988 202 ‚39-

126 285 222 332 suis
247 284 296 347 (1)
326 302 333 332 :
366 287 531 332 Horam
557 287 684 332 illam
716 300 841 332 nemo
877 287 1016 340 novit,
1059 300 1198 345 neque
1231 287 1392 341 Filius,
1433 301 1574 346 neque

124 364 276 424 angeli
300 366 379 423 qui
403 365 450 409 in
476 365 581 410 coelo
604 372 730 410 sunt.
769 363 983 420 Quamvis
1014 363 1133 410 enim
1166 363 1223 410 de
1261 364 1416 425 seipso
1449 378 1571 411 oeco-

126 441 302 488 nomice
314 446 447 502 atque
470 441 719 502 improprie
741 441 924 496 dixerit,
944 455 1047 488 sese
1068 441 1279 502 ignorare
1294 457 1394 502 quae
1410 456 1572 503 reapse

126 524 326 571 noverat,
357 518 413 564 de
439 518 700 564 hominibus
723 524 869 564 tamen
892 522 935 564 et
954 518 1148 579 angelis,
1173 524 1221 565 ut
1241 518 1348 564 mihi
1372 519 1569 575 videtur.v

125 609 215 641 non
242 595 508 656 improprie,
540 596 620 642 sed
647 610 753 642 vere
779 601 823 642 et
842 595 1028 656 proprie
1049 596 1229 642 locutus
1251 602 1338 642 est.
1376 596 1573 643 Proinde

125 672 292 719 solutio
320 672 442 719 illius
469 672 612 727 dubii,
643 701 704 707 —-
733 679 881 719 utrum
908 679 1015 734 post
1041 687 1138 728 scx,
1168 688 1222 719 an
1254 679 1360 734 post
1397 679 1572 734 septem

124 763 342 796 annorum
391 750 547 804 millia,
601 765 652 796 an
704 756 809 810 post
853 755 1032 810 tempus
1075 750 1194 796 aliud
1245 751 1573 812 qualecumque

126 827 278 873 mundi
306 827 437 886 hujus
464 827 568 874 finis
595 828 772 874 futurus
800 827 879 882 sit,
910 855 970 861 —
1000 828 1147 874 Patris
1168 828 1313 874 solius
1339 834 1425 883 est,
1456 835 1504 874 ut
1529 834 1574 875 et

126 904 223 964 ipse
266 904 408 951 Filius
455 905 708 959 affirmavit,
758 904 891 951 simul
941 911 1088 951 tamen
1135 905 1252 961 Filii,
1297 905 1426 965 cujus
1470 912 1576 952 sunt

125 982 273 1028 omnia
299 997 399 1043 quae
435 983 568 1029 habet
600 984 732 1029 Pater
757 982 875 1042 ejus,
906 989 949 1029 et
977 983 1175 1043 Spiritus
1203 983 1373 1038 Sancti,
1404 983 1497 1044 qui,
1526 990 1574 1029 ut

124 1059 275 1106 verbis
307 1059 514 1121 Apostoli
551 1067 665 1115 utar,
703 1064 855 1108 omnia
897 1069 1149 1115 serutatur,
1179 1063 1316 1107 etiam
1343 1062 1574 1120 profunda

125 1137 203 1182 Dei
230 1134 293 1198 (a).

191 1214 245 1259 Et
294 1214 511 1261 hactenus
561 1216 742 1276 quidem
796 1216 852 1263 de
902 1216 1111 1263 doctrina
1160 1215 1402 1276 scriptoris
1452 1216 1574 1263 illius

126 1293 294 1345 Persae,
337 1298 442 1353 post
477 1307 555 1339 sex
598 1308 818 1341 annorum
861 1294 1000 1340 millia
1036 1294 1130 1340 fore
1174 1300 1221 1340 ut
1264 1293 1458 1340 mundus
1502 1294 1574 1340 hic

126 1368 384 1416 destruatur
423 1376 556 1431 atque
599 1372 796 1425 deficiat„
837 1371 892 1417 de
924 1386 1011 1432 qua
1044 1371 1250 1418 doctrina
1287 1371 1573 1417 Fraternitati

127 1453 212 1493 tua}
239 1447 458 1495 dubitatio
485 1455 581 1495 orta
609 1455 717 1495 erat.

194 1525 336 1584 Caput
362 1528 563 1572 tertium.
594 1555 655 1560 —
686 1527 748 1572 De
776 1525 982 1572 doctrina
1007 1540 1138 1586 quam
1166 1525 1296 1571 ctiam
1334 1526 1575 1585 proposuit

127 1601 244 1647 idem
271 1608 427 1649 auctor
453 1604 608 1657 Persa,
642 1603 942 1650 morientibus
973 1617 1135 1663 nempe
1170 1603 1447 1654 hominihus,
1480 1603 1573 1663 spi-

126 1678 259 1724 ritum
302 1680 553 1736 animalem,
594 1695 729 1727 sensu
774 1680 1059 1733 destitutum,
1103 1680 1251 1726 medio
1292 1680 1335 1724 in
1381 1694 1573 1740 corpore

127 1756 326 1815 sepehri

192 1834 333 1879 Venio
371 1848 489 1880 nunc
527 1835 581 1880 ad
618 1835 725 1880 illud
768 1834 887 1880 aliud
924 1840 1166 1887 assertum,
1209 1848 1231 1879 a
1275 1834 1573 1880 Fraternitate

127 1917 198 1955 tua
230 1917 647 1964 commemoratum,
690 1912 828 1972 quod,
871 1912 913 1956 in
956 1912 1280 1957 Blasertatione
1317 1911 1370 1956 de
1402 1912 1459 1956 iis
1495 1913 1574 1969 qui

125 1989 354 2046 religsz'onz's
390 1991 502 2035 votis
538 2003 631 2035 sese
667 1992 950 2049 obstrinqunt
989 1988 1054 2050 (a),
1093 1989 1161 2035 his
1195 1989 1346 2035 verbis
1384 1988 1572 2049 protulit

126 2070 282 2110 auctor
316 2066 453 2112 Persa
500 2083 506 2110 :
550 2066 746 2112 «Prima
782 2066 902 2112 enim
939 2066 1169 2112 nativitate
1210 2071 1456 2112 nascuntur
1492 2066 1571 2111 ho-

127 2144 271 2190 mines
314 2145 492 2204 praediti
535 2146 699 2206 spiritu
739 2145 938 2200 animali,
970 2145 1045 2205 qui
1086 2145 1353 2191 immortalis
1390 2150 1477 2198 est,
1508 2143 1571 2188 di-

126 2228 255 2268 cente
277 2222 511 2283 Scriptura
530 2240 536 2269 :
564 2226 726 2269 Factus
745 2231 812 2270 est
831 2225 956 2270 homo
976 2226 1023 2269 in
1043 2226 1243 2269 animam
1263 2225 1481 2268 viventem
1503 2219 1567 2283 (4).

126 2298 365 2345 Nativitate
391 2306 536 2347 autem
563 2302 701 2347 altcra
727 2315 808 2362 per
835 2301 1133 2361 Bapfflsmum,
1164 2300 1393 2360 accipiunt
1430 2299 1571 2359 Spiri-

127 2381 219 2420 tum
255 2376 485 2432 Sanctum,
522 2378 597 2438 qui
635 2384 678 2423 ct
716 2378 817 2438 ipse
855 2378 1122 2424 immortalis
1154 2384 1238 2423 est.
1271 2375 1572 2422 Morientibus

126 2559 239 2603 ham
266 2552 376 2610 *2:²st
410 2558 453 2592 de
480 2559 582 2601 cujus
614 2558 786 2601 pressiori
816 2567 924 2593 sensu
956 2559 1071 2593 recole
1099 2567 1179 2601 quae
1207 2567 1315 2602 supra
1345 2558 1438 2593 dicta
1471 2563 1570 2598 sunt,

128 2635 162 2668 p.
186 2627 236 2668 12,
256 2629 340 2660 n.1.

170 2682 217 2721 (4)
243 2681 328 2715 Gen.
351 2682 394 2720 11,
414 2683 444 2713 7.
