1737 2950
706 186 979 228 ..95-

113 318 259 360 autem
303 312 597 359 humilitatem
640 313 748 359 mihi
792 313 1059 366 inculcabis‚
1109 313 1186 373 qui
1229 314 1372 359 elatus
1421 326 1470 360 es
1514 320 1558 360 et

113 390 326 451 superbia
352 390 582 436 tumidus?
603 391 697 446 Qua
723 390 870 436 fronte
897 390 1005 435 mihi
1032 390 1274 450 praecipies
1299 407 1306 436 :
1332 390 1420 436 Alii
1447 391 1561 437 alios

114 466 307 527 diligite,
345 480 446 513 cum
484 467 565 519 sis,
590 466 682 512 odii
722 474 765 512 et
800 466 877 512 irae
915 467 1106 527 plenus?
1140 467 1225 522 Qui
1253 467 1357 511 mihi
1387 467 1516 513 dices
1548 483 1557 511 :

115 544 159 590 Si
187 544 290 604 quis
316 544 437 604 quod
464 549 587 590 tuum
614 550 684 591 est
708 544 964 595 abstulerit,
999 558 1054 590 ne
1080 550 1277 604 repetas,
1308 545 1413 591 dum
1442 545 1562 606 quod

115 626 238 667 tuum
265 626 335 666 est
361 626 406 666 tu
433 620 580 681 exigis
611 635 712 667 cum
745 621 907 667 usura?
934 621 1029 677 Qua
1066 621 1240 668 ratione
1277 636 1347 668 me
1379 622 1564 681 jubebis

115 711 218 744 esse
245 697 517 751 modestum,
548 698 623 758 qui
657 697 897 758 impudens
935 711 1002 751 es,
1032 698 1243 759 garrulus
1280 705 1324 745 et
1356 699 1563 758 jactans?

117 774 354 830 Quomodo
380 788 449 820 me
476 775 730 821 hortaberis
756 781 802 820 ut
830 774 1044 820 mundum
1072 775 1190 821 hunc
1217 775 1490 836 relinquam,
1521 776 1564 820 in

116 865 208 911 quo
232 857 278 897 tu
306 851 544 898 demersus
565 851 691 910 jaces
716 858 760 898 et
785 852 1064 898 suffocatus?
1102 853 1342 908 Quomodo
1377 854 1566 900 docebis

117 943 186 976 me
229 943 450 990 pauperes
496 930 817 977 refocillandos
861 944 996 983 esse,
1051 944 1218 977 vexans
1265 932 1418 978 socios
1465 939 1568 978 tuos

118 1007 369 1067 pauperes?
396 1007 632 1062 Quomodo
671 1007 881 1053 incitabis
920 1021 989 1052 me
1028 1012 1076 1052 ut
1112 1007 1154 1052 id
1195 1008 1418 1068 deponam
1447 1009 1567 1069 quod

118 1084 245 1130 cordi
273 1085 409 1131 inest.
439 1099 539 1131 cum
579 1086 622 1130 in
661 1092 704 1131 te
743 1085 985 1132 collectum
1013 1085 1072 1130 sit
1098 1092 1227 1132 vetus
1266 1086 1570 1133 fermentum?

121 1162 359 1218 Quomodo
405 1163 511 1208 mihi
555 1163 854 1222 persuadebis
896 1170 944 1209 ut
988 1162 1032 1207 in
1071 1164 1259 1224 gratiam
1296 1178 1396 1210 cum
1434 1166 1570 1211 fratre

118 1240 316 1294 redeam,
355 1240 430 1300 qui
470 1241 712 1286 multorum
751 1241 982 1288 hominum
1019 1242 1258 1302 perturbas
1297 1242 1485 1301 pacem?
1524 1243 1569 1288 Si

118 1329 226 1362 vero
268 1330 405 1376 opera
451 1317 566 1362 haud
609 1317 798 1363 honesta
843 1319 885 1363 in
930 1325 972 1365 te
1016 1319 1416 1379 deprehenderim,
1461 1320 1569 1364 mihi

120 1392 237 1439 dicis
275 1410 283 1440 :
333 1394 554 1439 Peccante
593 1408 662 1439 me
707 1402 751 1440 et
795 1395 932 1455 impie
975 1402 1156 1456 agente,
1204 1396 1338 1442 verba
1382 1411 1479 1442 mea
1521 1402 1567 1442 tu

121 1483 335 1529 sequere;
366 1484 467 1516 cum
494 1476 641 1516 tamen
669 1470 708 1516 is
734 1471 809 1530 qui
838 1471 972 1517 docet
997 1473 1131 1517 simul
1159 1479 1203 1518 et
1229 1472 1334 1518 facit
1357 1487 1565 1534 magnus,

122 1546 328 1606 quivero
355 1546 505 1600 docet,
537 1561 619 1593 nec
655 1547 778 1593 facit.
809 1548 1021 1594 minimus
1049 1550 1107 1594 sit
1141 1550 1389 1596 vocandus.
1423 1548 1565 1596 Pecu-

121 1623 237 1668 niam
279 1624 514 1684 accepisti,
557 1625 873 1678 recondidisti,
917 1632 976 1679 et,
1018 1627 1141 1672 clave
1180 1627 1261 1672 tibi
1303 1628 1565 1681 commissa,

121 1706 296 1760 portam
340 1701 545 1747 custodis
591 1718 600 1748 :
649 1708 694 1747 tu
737 1716 827 1748 non
870 1703 1039 1755 intras,
1088 1710 1132 1748 et
1177 1717 1256 1750 eos
1300 1705 1377 1764 qui
1421 1706 1571 1751 animo

122 1776 409 1837 ingrediendi
446 1777 668 1824 accedunt
694 1778 926 1838 prohibes.
961 1779 1179 1839 Corporis
1206 1782 1365 1827 oculus
1395 1796 1460 1834 es,
1490 1783 1569 1828 sed

123 1853 326 1899 caecitate
354 1854 548 1905 laboras,
580 1862 622 1900 et
649 1869 835 1914 corpus,
861 1854 1101 1901 deficiente
1128 1858 1279 1910 oculo,
1297 1858 1339 1902 in
1368 1858 1570 1904 tenebris

118 1929 256 1988 jacet.
300 1930 477 1991 Corpus
521 1937 642 1976 tuum
683 1945 853 1977 caecum
893 1937 985 1984 est;
1033 1938 1076 1977 te
1113 1946 1261 1986 caeco,
1303 1933 1429 1979 faciei
1475 1935 1571 1993 ejus

125 2014 436 2053 ornamentum
463 2008 630 2054 lumine
665 2014 811 2061 caret;
850 2022 1000 2054 caecus
1038 2009 1177 2069 igitur
1212 2023 1382 2056 caecum
1419 2011 1567 2064 ducis,

125 2090 169 2130 et
204 2085 272 2131 vis
309 2090 450 2131 totum
488 2099 655 2146 corpus
694 2092 818 2131 tuum
855 2083 902 2132 in
940 2086 1112 2132 foveam
1151 2087 1391 2146 projicere.
1423 2088 1495 2133 Sal
1532 2089 1571 2134 si

126 2160 373 2221 insipidum
417 2161 518 2216 fiat,
572 2162 692 2208 foras
735 2162 966 2222 abjicitur;
1014 2177 1173 2209 servus
1217 2164 1293 2224 qui
1336 2165 1571 2224 pecuniam

126 2255 251 2287 suam
277 2242 517 2288 abscondit
543 2242 734 2288 mittitur
760 2243 803 2287 in
827 2243 1068 2300 tenebras;
1098 2243 1290 2290 famulus
1316 2245 1391 2304 qui
1419 2245 1572 2291 socios

127 2318 356 2376 percussit
402 2332 559 2378 poenas
608 2319 792 2365 domino
841 2333 924 2365 suo
973 2319 1072 2371 dat;
1125 2321 1323 2380 pastoris
1372 2321 1570 2383 imperiti

128 2395 287 2440 oculus
310 2402 578 2448 excaecatur,
609 2396 798 2456 ejusque
825 2396 1057 2442 brachium
1084 2398 1267 2443 arescit.
1300 2398 1571 2445 Sacerdotes

129 2483 218 2516 non
262 2471 517 2518 indicarunt
551 2472 627 2518 ubi
668 2473 727 2518 sit
764 2473 999 2526 Dominus,
1043 2474 1160 2519 hunc
1197 2474 1412 2521 custodes
1455 2475 1573 2535 legis

132 2559 220 2592 non
255 2554 493 2604 noverunt,
522 2554 731 2608 pastores
767 2549 941 2609 perfide
977 2550 1021 2595 in
1059 2564 1159 2596 eum
1198 2557 1410 2612 egerunt,
1439 2557 1484 2597 et
1519 2565 1571 2597 ex

131 2623 369 2682 prophetis
396 2624 723 2685 Hierosolymae
761 2626 929 2686 prodiit
967 2626 1221 2673 idololatria
1246 2628 1288 2673 in
1318 2628 1572 2674 universam

134 2704 312 2745 terram.
347 2701 582 2761 Principes
608 2703 763 2762 populi
802 2704 887 2750 mei
926 2704 1140 2763 reliquias
1167 2705 1263 2762 eius
1289 2705 1571 2764 collegerunt
