1737 2950
787 165 1082 207 —128—

222 297 343 335 tuum
370 289 524 349 spinas
550 287 841 341 exscindens,
871 294 915 334 et
939 287 1208 334 dominicam
1248 295 1447 350 segetem
1485 303 1642 350 expur-

219 381 348 427 gans
390 373 433 412 et
468 366 828 427 evangelicorum
868 366 1086 411 seminum
1127 367 1420 426 tempestivos
1459 367 1647 413 Domino

218 444 389 489 fructus
414 442 624 489 offerens.
658 442 763 488 Inde
799 442 1081 488 Antiochiam
1119 443 1257 495 venit,
1298 442 1505 489 haeretica
1541 448 1646 489 tunc

220 520 416 579 procella
441 520 727 565 vehementer
751 520 977 579 agitatam,
1008 518 1352 579 diversatusque
1370 525 1472 565 ante
1491 519 1646 566 urbem

220 596 260 640 in
287 596 522 656 gymnasio
559 595 751 656 quodam
790 595 1107 655 philosophiae,
1141 610 1240 641 cum
1278 596 1445 642 Graecae
1482 595 1647 656 linguae

216 687 354 731 pauca
399 673 531 717 verba
579 672 848 719 didicisset.
901 671 1121 731 plurimos
1167 672 1315 717 statim
1363 671 1416 717 ad
1466 671 1644 718 divinos

216 764 447 796 sermones
487 749 735 795 audiendos
773 749 1006 808 pertraxit,
1046 755 1106 802 et,
1149 749 1451 795 semibarbara
1495 749 1646 809 lingua

217 827 424 886 loquens,
455 826 587 872 animi
616 841 748 872 sensa
773 826 1063 886 exprimebat.
1097 845 1119 865 n

283 905 327 949 ln
357 905 437 949 hac
469 904 738 949 Theodoreti
769 904 1022 949 narratione
1061 904 1170 948 nihil
1208 909 1276 949 est
1306 902 1425 963 quod
1453 903 1514 949 sit
1538 917 1643 949 con-

215 980 355 1025 forme
384 980 564 1039 imagini
587 980 812 1039 Sapientis
836 980 985 1025 Persae
1010 994 1033 1024 a
1059 979 1191 1025 nobis
1217 979 1361 1025 adhuc
1386 978 1639 1031 delineatae,

212 1058 281 1102 vel
309 1057 459 1116 potius
486 1061 545 1111 (ut
573 1057 745 1101 veritati
786 1056 928 1115 magis
962 1055 1286 1115 modestiaeque
1321 1055 1454 1101 simul
1480 1069 1644 1102 consu-

214 1133 312 1186 laml
340 1133 613 1178 adumbrata}
645 1148 651 1174 z
684 1141 878 1190 tempus,
913 1131 1201 1177 habitationis
1228 1132 1373 1185 locus,
1403 1133 1505 1178 vitae
1532 1133 1644 1179 ratio

213 1216 256 1254 et
283 1210 533 1255 institutum
562 1209 745 1254 omnino
772 1208 1007 1260 differunt;
1031 1208 1222 1254 docendi
1250 1209 1379 1254 etiam
1407 1209 1644 1255 dissimilis

212 1293 282 1332 est
309 1287 507 1337 materia,
538 1300 706 1345 scopus
733 1285 939 1331 diversus
970 1302 978 1331 :
1009 1286 1275 1331 anachoreta
1307 1286 1425 1331 enim
1462 1286 1517 1332 de
1553 1300 1642 1346 quo

211 1362 327 1422 apud
356 1363 631 1422 Episcopum
669 1362 913 1421 Cyrensem
950 1377 1098 1408 sermo
1136 1370 1221 1414 est,
1252 1369 1415 1422 praeter
1447 1363 1642 1422 propriae

211 1438 584 1484 sanctificationis
610 1445 742 1496 atque
768 1439 1061 1497 perfectionis
1087 1452 1255 1488 curam,
1287 1439 1378 1484 fere
1404 1444 1524 1485 totus
1549 1445 1642 1485 erat

213 1516 253 1559 in
295 1515 612 1575 impugnandis
652 1514 827 1559 Arianis
865 1523 908 1560 et
946 1515 1062 1560 fideli
1100 1516 1267 1574 populo
1294 1514 1545 1562 Antiochiae
1586 1516 1640 1561 ab

210 1607 364 1638 eorum
403 1591 748 1650 deceptionibus
787 1591 978 1642 tuendo;
1026 1597 1068 1635 at
1110 1593 1406 1637 Homilz'arum
1443 1591 1642 1652 scriptor

211 1684 328 1715 nunc
375 1669 566 1714 virtutes
613 1668 859 1714 christiano
905 1668 1082 1713 homine
1130 1668 1291 1729 dignas
1336 1669 1636 1724 commendat,

211 1760 327 1792 nunc
352 1746 631 1791 Judaismum
667 1746 922 1791 convellere
957 1745 1135 1797 nititur,
1172 1744 1412 1792 Arianismi
1451 1760 1558 1792 vero
1595 1751 1640 1792 et

210 1823 475 1869 Arianorum
513 1837 566 1868 ne
604 1822 770 1868 mentio
807 1822 987 1882 quidem
1023 1823 1091 1867 vel
1134 1836 1295 1868 nomen
1338 1822 1453 1882 apud
1491 1823 1638 1882 ipsum

209 1899 422 1945 occurrit.
455 1899 583 1954 Quod
609 1905 754 1944 autem
781 1898 1015 1957 speciatim
1052 1898 1105 1943 ad
1144 1899 1360 1958 temporis
1393 1898 1637 1945 discrimen

209 1977 389 2028 attinet,
429 1975 700 2021 luculentius
737 1974 776 2019 id
818 1975 1126 2020 manifestatur
1163 1975 1341 2020 duobus
1376 1975 1504 2021 factis
1537 1989 1637 2035 quae

210 2060 424 2100 memorat
443 2053 767 2099 Theodoretus.
798 2053 927 2099 Prius
953 2059 1022 2099 cst
1047 2053 1321 2113 colloquium
1343 2053 1397 2099 ab
1416 2052 1637 2114 Aphraate

210 2131 453 2184 monacho,
499 2130 776 2183 Antiochiae,
823 2130 927 2175 dum
970 2130 1231 2176 «haeretica
1278 2131 1475 2190 procella
1505 2149 1527 2171 »
1574 2130 1634 2176 ibi

209 2208 405 2262 saeviret,
435 2206 632 2251 habit-um
664 2219 763 2251 cum
803 2206 1070 2266 imperatore
1107 2206 1306 2260 Valente,
1345 2205 1521 2252 Arianae
1553 2205 1635 2252 im-

208 2284 362 2343 pietati
404 2282 583 2327 addicto
626 2288 669 2326 et
712 2281 954 2328 Catholicis
997 2282 1323 2335 infensissimo,
1360 2281 1481 2342 quod
1517 2281 1635 2327 circa
1704 2318 1737 2334 „

208 2375 246 2406 a.
291 2360 383 2405 375
421 2359 672 2420 contigisse
708 2372 896 2405 necesse
932 2363 1022 2411 est;
1060 2359 1112 2404 ad
1162 2358 1269 2405 illud
1306 2358 1424 2405 enim
1458 2363 1634 2419 tempus

209 2435 441 2481 referenda
476 2449 578 2481 esse
614 2441 657 2480 et
689 2435 854 2480 Meletii
881 2435 1148 2480 Patriarchae
1174 2435 1372 2489 exilium,
1401 2439 1446 2480 et
1469 2439 1632 2480 motam

208 2519 363 2558 contra
398 2525 554 2557 omnes
588 2511 896 2557 Antiochenos
930 2512 971 2556 in
1015 2512 1263 2558 orthodoxa
1297 2510 1384 2557 fide
1420 2523 1631 2570 perseve-

209 2594 359 2634 rantes
384 2588 742 2647 persecutionem
769 2601 821 2633 ex
847 2587 1004 2633 eodem
1030 2593 1145 2634 teste
1170 2586 1406 2634 discimus.
1430 2585 1630 2632 Alterum

208 2679 289 2724 pro
323 2664 582 2710 diversitate
620 2663 838 2722 temporis
873 2663 1085 2708 indicium
1121 2678 1171 2709 ex
1211 2678 1265 2710 eo
1300 2663 1470 2709 eruitur
1508 2661 1629 2722 quod
