1737 2950
784 204 1084 245 -174—

210 329 386 376 erudite
410 329 612 376 disserit.
644 328 960 376 Praefationem
984 329 1162 390 anglice
1193 330 1502 391 conscriptam
1526 330 1648 378 exci-

209 405 275 465 pit
314 411 463 451 textus
504 404 715 465 Syriacus
758 405 892 450 trium
934 404 1130 464 capitum
1181 420 1310 466 quae,
1363 406 1409 451 in
1450 408 1651 466 Epistola

210 481 393 542 Georgii
419 481 620 544 gentium
646 481 814 542 saepius
851 488 1215 535 commemorata,
1245 482 1299 527 ad
1332 488 1648 543 argumentum

210 564 414 604 nostrum
453 558 696 618 pertinent.
738 558 785 602 ln
827 557 929 618 ipso
969 564 1117 603 autem
1153 559 1454 604 Homiliarum
1491 564 1649 605 tenore

210 634 506 694 proponendo
545 634 637 681 sere
678 633 916 680 codicibus
952 634 986 679 B
1020 639 1065 680 et
1100 636 1134 680 B
1171 634 1372 681 adhibita
1406 635 1549 690 fides,
1590 635 1649 682 ita

209 717 355 756 tamen
395 717 441 756 ut
480 724 531 756 ex
573 710 683 756 Cod.
737 709 774 754 A
816 710 904 756 loci
942 710 1124 770 quidam
1164 711 1476 771 suppleantur,
1514 711 1647 758 adda·

210 794 371 847 turque
413 787 719 847 interpunctio
761 787 1031 840 accuratior,
1078 794 1122 833 et
1164 801 1216 833 ex
1261 788 1472 834 omnibus
1515 788 1648 834 simul

209 864 386 910 collatis
426 870 590 924 puncta
634 863 867 908 diacritica
908 863 1230 924 appingantur.
1277 864 1511 911 Variantes
1558 865 1649 911 lec-

209 941 355 986 tiones
381 940 735 1000 diligentissime
769 940 975 986 collectae
1013 946 1057 986 et
1093 939 1334 996 adnotatae,
1363 940 1420 986 iis
1446 941 1650 1002 exceptis

208 1031 309 1077 quae
335 1017 503 1063 nullius
530 1030 719 1076 prorsus
747 1017 961 1062 momenti
983 1023 1088 1062 sunt
1108 1017 1256 1076 quoad
1277 1030 1486 1070 sensum;
1510 1022 1648 1077 utque

208 1093 384 1139 facilius
411 1093 584 1138 institui
612 1099 746 1152 queat
771 1093 1047 1152 comparatio
1073 1107 1174 1138 cum
1202 1092 1404 1139 editione
1430 1093 1646 1148 Romana,

208 1184 319 1230 quas
356 1171 452 1216 haec
488 1170 668 1216 exhibet
706 1170 1088 1229 paragraphorum
1129 1175 1276 1223 notaS‚
1319 1183 1383 1216 eae
1418 1170 1648 1217 contextui

209 1246 396 1306 Syriaco
424 1247 608 1293 insertae
634 1247 776 1293 fuere.

274 1324 337 1368 Ex
374 1323 509 1370 dictis
551 1324 760 1384 colliges,
800 1338 931 1383 quam
977 1323 1162 1384 egregia
1206 1323 1297 1368 sint
1336 1323 1394 1369 cl.
1435 1322 1648 1383 Wrightii

208 1399 365 1446 merita
392 1399 435 1444 in
461 1399 733 1459 Aphraatem
754 1406 978 1453 nostrum,
1009 1399 1138 1458 cujus
1157 1398 1480 1460 primigenium
1507 1412 1643 1459 opus,

208 1489 231 1521 e
256 1476 457 1522 tenebris
484 1482 528 1521 et
563 1477 749 1536 pulvere
787 1482 982 1530 erutum,
1012 1481 1118 1535 post
1155 1476 1338 1536 longam
1375 1475 1649 1521 saeculorum

207 1552 389 1605 seriem,
418 1552 597 1598 tandem
624 1553 667 1597 in
695 1553 934 1612 propatulo
972 1552 1142 1611 posuit.
1175 1552 1366 1611 Insuper
1402 1564 1510 1597 vero
1542 1565 1648 1611 pro-

209 1629 408 1682 miserat,
455 1642 556 1674 sese
599 1630 814 1674 Homilz'as
858 1628 1036 1689 anglice
1080 1629 1504 1688 interpretaturum;
1547 1640 1649 1687 quae

208 1704 459 1759 translatio,
489 1705 728 1750 duodecim
765 1705 895 1751 annis
929 1704 1033 1750 inde
1059 1719 1082 1750 a
1110 1723 1132 1745 c<
1157 1704 1328 1764 prioris
1352 1702 1599 1750 voluminis
1624 1720 1646 1743 »

208 1781 454 1827 emissione
503 1780 663 1840 lapsis,
717 1780 939 1834 nondum,
992 1786 1209 1840 quantum
1256 1779 1453 1834 scimus,
1502 1779 1648 1824 lucem

208 1857 399 1917 aspexit.
431 1857 616 1902 Interim
647 1871 802 1903 ansam
835 1856 1030 1917 praebuit
1068 1856 1207 1902 editio
1242 1855 1549 1902 Londinensis
1585 1855 1644 1901 cl.

210 1933 381 1979 Bickell
403 1939 450 1979 ut
474 1933 517 1978 in
537 1934 718 1979 Seleotz‘s
734 1935 917 1992 scriptis
936 1935 1127 1978 Pati-um
1147 1933 1344 1978 ecclesiae
1362 1933 1560 1992 Syriacae
1577 1930 1644 1993 (1),

207 2010 466 2070 germanice
507 2010 740 2056 exhiberet
780 2011 1126 2055 Dissertationes
1162 2014 1266 2055 octo
1302 2025 1310 2054 ;
1353 2010 1413 2054 De
1440 2008 1546 2066 fide,
1587 2008 1650 2052 De

208 2088 415 2139 caritate,
461 2087 522 2130 De
553 2086 742 2143 jejunio,
794 2087 852 2130 De
897 2087 1110 2138 oratione,
1156 2087 1217 2130 De
1261 2085 1540 2143 paenitentia,
1586 2083 1650 2128 De

204 2163 436 2219 paschate,
466 2162 526 2205 De
551 2162 830 2220 virqz'nitate,
857 2163 918 2206 De
942 2169 1080 2206 morte
1114 2168 1155 2206 et
1191 2161 1463 2219 temporibus
1497 2160 1647 2204 novis-

208 2239 352 2282 simis.
383 2236 549 2282 Eadem
578 2237 775 2283 editione
812 2237 865 2282 ad
903 2236 1233 2283 conscribenda
1262 2237 1577 2294 Proleqomena
1599 2235 1649 2279 in

209 2314 472 2370 Aphraatz's,
524 2314 747 2371 Sapientis
794 2315 958 2367 Persae,
1008 2326 1232 2358 sermones
1279 2313 1552 2357 homileticos
1599 2311 1648 2372 (2)
1698 2317 1706 2348 ἰ

210 2402 320 2433 usus
346 2394 416 2433 est
443 2388 714 2434 Franciscus
750 2389 956 2443 Sassius;
987 2389 1063 2448 qui
1090 2395 1255 2442 tamen,
1282 2387 1536 2434 eruditione
1557 2399 1646 2433 non

210 2464 409 2524 vulgari,
462 2464 595 2509 simul
642 2465 898 2510 versionem
947 2464 1257 2510 Armeniacam
1305 2463 1359 2509 ab
1404 2462 1645 2509 Antonello

254 2615 301 2654 (1)
328 2614 366 2647 ln
404 2613 599 2647 Bibliothek
633 2615 696 2646 der
724 2614 987 2647 Kirchenvciter
992 2639 1088 2648 .......
1124 2613 1414 2658 herausgegeben
1448 2617 1552 2648 unter
1583 2612 1647 2646 der
1706 2623 1709 2625 “

213 2668 441 2712 Oberleitung
458 2676 527 2702 von
544 2671 598 2702 Dr.
620 2669 781 2702 valentin
798 2668 1000 2703 Thalhot'er.
1021 2671 1206 2712 Kempten,
1226 2670 1324 2703 1874.

256 2724 304 2762 (Ξ)
331 2723 469 2765 Lipsiae.
491 2724 586 2756 1879.
