1737 2950
626 202 926 243 -173-

48 329 95 374 In
122 328 236 377 facie
261 328 416 380 altera,
448 328 686 387 sequentia
712 332 900 379 tantum,
934 326 1039 373 item
1062 340 1115 372 ex
1145 327 1252 372 Luc.
1282 325 1381 377 Xll,
1413 324 1493 377 3⁴2,

47 405 333 465 deprompta,
365 405 600 450 oculorum
627 403 768 450 aciem
798 417 886 450 non
914 403 1137 464 effugiunt
1167 420 1174 448 :

431 555 626 619 Qum
669 553 1110 609 comm-Acu

432 637 501 691 ΙΤ
544 636 767 691 mum
809 635 1114 690 utsTno

435 719 633 774 DARE
670 712 916 775 [uenis
957 717 1128 780 nte]

118 875 180 920 De
205 873 352 920 tribus
380 887 517 934 porro
545 873 785 920 codicibus
826 873 1167 933 manuscriptis,
1206 887 1323 933 quos
1351 887 1503 920 recen-

51 952 225 998 suimus
270 951 713 1011 delineavimusque,
759 950 968 996 affirmari
1013 956 1190 1010 potest,
1236 964 1334 1003 eos,
1381 952 1503 1011 quod

51 1028 212 1074 attinet
251 1027 304 1073 ad
349 1028 537 1073 nitidam
580 1034 927 1087 accuratamque
967 1027 1345 1088 descriptionem,
1394 1028 1504 1074 nulli

52 1104 294 1152 inferiores
320 1118 424 1151 esse
450 1119 606 1151 eorum
646 1105 722 1165 qui
763 1106 931 1165 insigni
971 1106 1243 1152 collectione
1282 1106 1504 1152 Nitriensi

51 1182 500 1242 comprehenduntur
537 1181 601 1237 (il.
643 1182 813 1228 Omnes
852 1188 998 1228 tamen
1038 1183 1137 1229 loca
1174 1184 1505 1243 quadamtenus

52 1265 283 1319 corrupta,
312 1260 382 1306 vel
421 1260 567 1319 plura.
609 1260 678 1305 vel
718 1259 948 1318 pauciora.
991 1259 1245 1313 continent,
1283 1260 1341 1305 ita
1381 1266 1428 1306 ut
1466 1260 1503 1305 ei

52 1337 129 1398 qui
155 1338 370 1383 Homilz'as
396 1351 419 1382 e
447 1338 630 1397 Syriaca
656 1337 699 1381 in
739 1337 868 1382 aliam
899 1337 1098 1397 linguam
1125 1338 1233 1383 velit
1258 1338 1506 1384 transferre

54 1414 268 1460 liberiore
294 1413 553 1472 conjectura
580 1413 751 1473 passim
780 1413 996 1459 utendum
1025 1414 1100 1460 sit.

120 1491 207 1537 Sed
248 1492 343 1538 haec
381 1492 437 1537 de
474 1492 566 1536 illis
612 1491 917 1537 monumentis
955 1492 1198 1537 sufficiant.
1245 1493 1341 1538 Jam
1385 1493 1503 1538 enim

54 1568 176 1615 subit
218 1569 354 1614 timor
395 1583 450 1615 ne
494 1569 536 1613 in
584 1568 746 1614 iisdem
798 1568 1104 1629 depingendis
1149 1570 1331 1629 longior
1372 1584 1504 1630 aequo

53 1646 231 1692 fuerim.
264 1646 358 1692 Nec
386 1652 534 1692 tamen
563 1646 781 1692 continuo
810 1645 976 1691 inferre
1005 1647 1153 1699 liceat,
1186 1647 1283 1692 sine
1310 1648 1505 1694 consilio

53 1737 104 1768 ac
131 1728 300 1769 temere
326 1723 479 1783 egisse
519 1737 611 1774 me;
655 1736 755 1768 cum
785 1736 807 1767 e
833 1723 1063 1769 contrario
1103 1723 1144 1768 id
1186 1724 1226 1768 in
1260 1730 1365 1770 voto
1391 1731 1435 1769 et
1463 1725 1503 1769 in

55 1799 306 1845 intentione
334 1799 586 1853 habuerim,
617 1806 661 1845 ut
701 1814 752 1846 ex
787 1800 1023 1859 proposita
1060 1799 1372 1860 descriptione
1404 1815 1503 1847 eru-

55 1876 149 1922 dito
199 1876 358 1922 lectori
408 1882 501 1921 tum
546 1877 778 1936 perspecti
824 1876 984 1922 fierent
1027 1877 1214 1937 genuini
1258 1878 1407 1924 fontes
1453 1892 1505 1923 cx

56 1953 222 2014 quibus
247 1953 489 2012 Aphraatis
511 1967 649 2012 opera
674 1953 1016 1999 subministrata
1053 1960 1175 2003 sunt,
1199 1960 1292 1999 tum
1314 1955 1506 2014 proinde

55 2038 266 2076 constare
308 2037 468 2089 posset
510 2029 566 2075 de
607 2030 650 2074 vi
694 2036 1066 2090 argumentorum
1111 2044 1211 2089 quae
1255 2045 1357 2076 mox
1407 2032 1506 2091 ipse

56 2107 297 2167 scriptoris
334 2112 482 2152 textus
523 2113 566 2152 et
601 2106 890 2152 librariorum
928 2107 1174 2153 auctoritas
1219 2107 1352 2153 nobis
1396 2122 1504 2168 sup-

57 2183 324 2243 peditabunt
349 2183 401 2229 ad
429 2184 731 2242 Epistolarum
757 2189 992 2243 γνησιότητα
1018 2183 1432 2230 demonstrandam.

120 2261 218 2307 Jam
244 2260 299 2305 de
326 2273 480 2306 norma
506 2275 639 2320 quam
679 2261 723 2306 in
751 2261 954 2307 editione
981 2275 1062 2307 sua
1089 2261 1347 2307 adornanda
1374 2276 1505 2308 secu-

58 2342 130 2383 tus
156 2336 215 2383 sit
241 2336 496 2397 Wrightius
523 2343 566 2382 et
605 2336 659 2382 de
699 2336 921 2401 limitibus
948 2351 1065 2397 quos
1093 2337 1233 2383 labori
1263 2338 1504 2398 praescrip-

58 2412 169 2457 serit
212 2412 326 2472 ipse,
369 2426 508 2472 pauca
552 2413 649 2458 haec
689 2413 862 2473 accipe.
908 2414 1014 2458 Eam
1060 2413 1188 2460 inivit
1231 2414 1299 2459 vir
1342 2414 1506 2460 doctus

59 2488 276 2535 rationem
320 2489 503 2550 agendi,
553 2496 599 2535 ut
642 2490 723 2535 toti
776 2489 891 2535 libro
941 2490 1160 2549 prolixam
1211 2491 1507 2550 praemitteret

0 2583 1 2591 ¹
60 2565 388 2623 praefationem,
437 2580 524 2625 qua
567 2572 610 2612 et
651 2566 706 2612 de
751 2572 953 2619 auctore,
999 2571 1044 2612 et
1085 2567 1140 2612 dc
1182 2566 1280 2625 ejus
1319 2567 1506 2627 scriptis

105 2732 153 2770 (1)
180 2731 228 2763 lta
248 2730 455 2773 Wrigbtius,
476 2730 549 2763 The
568 2730 734 2763 homilies
752 2731 790 2771 os
807 2732 1027 2771 Aphrnalesv
1048 2733 1183 2773 prael'at.
1206 2740 1264 2773 pp.
1288 2733 1326 2764 14
1344 2734 1376 2762 ct
1397 2732 1445 2763 15.
