<?xml version="1.0" encoding="UTF-8"?>
<!DOCTYPE html PUBLIC "-//W3C//DTD XHTML 1.0 Transitional//EN"
    "http://www.w3.org/TR/xhtml1/DTD/xhtml1-transitional.dtd">
<html xmlns="http://www.w3.org/1999/xhtml" xml:lang="en" lang="en">
 <head>
  <title>
</title>
<meta http-equiv="Content-Type" content="text/html;charset=utf-8" />
  <meta name='ocr-system' content='tesseract 3.04.00' />
  <meta name='ocr-capabilities' content='ocr_page ocr_carea ocr_par ocr_line ocrx_word'/>
</head>
<body>
  <div class='ocr_page' id='page_1' title='image "./devitaetscriptis00forguoft_0144.png"; bbox 0 0 1737 2950; ppageno 0'>
   <div class='ocr_carea' id='block_1_1' title="bbox 771 198 1061 240">
    <p class='ocr_par' dir='ltr' id='par_1_1' title="bbox 771 198 1061 240">
     <span class='ocr_line' id='line_1_1' title="bbox 771 198 1061 240; baseline -0.003 0"><span class='ocrx_word' id='word_1_1' title='bbox 771 198 1061 240; x_wconf 77' lang='lat'>-1‘24-</span> 
     </span>
    </p>
   </div>
   <div class='ocr_carea' id='block_1_2' title="bbox 203 324 1703 2546">
    <p class='ocr_par' dir='ltr' id='par_1_2' title="bbox 203 324 1636 1068">
     <span class='ocr_line' id='line_1_2' title="bbox 204 324 1630 386; baseline -0.002 -13"><span class='ocrx_word' id='word_1_2' title='bbox 204 330 239 374; x_wconf 89' lang='lat' dir='ltr'>N</span> <span class='ocrx_word' id='word_1_3' title='bbox 248 329 394 381; x_wconf 73' lang='lat' dir='ltr'><strong>icaeffl,</strong></span> <span class='ocrx_word' id='word_1_4' title='bbox 423 328 490 373; x_wconf 88' lang='lat' dir='ltr'><strong>vel</strong></span> <span class='ocrx_word' id='word_1_5' title='bbox 518 333 640 373; x_wconf 83' lang='lat' dir='ltr'><strong>certe</strong></span> <span class='ocrx_word' id='word_1_6' title='bbox 667 340 746 386; x_wconf 90' lang='lat' dir='ltr'><strong>per</strong></span> <span class='ocrx_word' id='word_1_7' title='bbox 770 332 873 372; x_wconf 88' lang='lat' dir='ltr'><strong>octo</strong></span> <span class='ocrx_word' id='word_1_8' title='bbox 896 339 1038 371; x_wconf 90' lang='lat' dir='ltr'><strong>annos</strong></span> <span class='ocrx_word' id='word_1_9' title='bbox 1076 331 1176 370; x_wconf 88' lang='lat' dir='ltr'><strong>ante</strong></span> <span class='ocrx_word' id='word_1_10' title='bbox 1202 324 1485 371; x_wconf 87' lang='lat' dir='ltr'><strong>Constantini</strong></span> <span class='ocrx_word' id='word_1_11' title='bbox 1513 339 1630 372; x_wconf 87' lang='lat' dir='ltr'><strong>mor·</strong></span> 
     </span>
     <span class='ocr_line' id='line_1_3' title="bbox 205 400 1630 461; baseline -0.003 -11"><span class='ocrx_word' id='word_1_12' title='bbox 205 412 292 450; x_wconf 89' lang='lat' dir='ltr'><strong>tem</strong></span> <span class='ocrx_word' id='word_1_13' title='bbox 325 405 529 450; x_wconf 78' lang='lat' dir='ltr'><strong>Homiliis</strong></span> <span class='ocrx_word' id='word_1_14' title='bbox 563 401 909 449; x_wconf 88' lang='lat' dir='ltr'><strong>conscribendis</strong></span> <span class='ocrx_word' id='word_1_15' title='bbox 944 415 1126 461; x_wconf 81' lang='lat' dir='ltr'>operam</span> <span class='ocrx_word' id='word_1_16' title='bbox 1165 400 1366 456; x_wconf 84' lang='lat' dir='ltr'><strong>dedisse,</strong></span> <span class='ocrx_word' id='word_1_17' title='bbox 1409 401 1528 448; x_wconf 91' lang='lat' dir='ltr'><strong>nulla</strong></span> <span class='ocrx_word' id='word_1_18' title='bbox 1564 415 1630 447; x_wconf 87' lang='lat' dir='ltr'><strong>ra·</strong></span> 
     </span>
     <span class='ocr_line' id='line_1_4' title="bbox 205 477 1629 539; baseline -0.003 -12"><span class='ocrx_word' id='word_1_19' title='bbox 205 482 327 527; x_wconf 91' lang='lat' dir='ltr'><strong>tione</strong></span> <span class='ocrx_word' id='word_1_20' title='bbox 349 481 459 527; x_wconf 92' lang='lat' dir='ltr'><strong>satis</strong></span> <span class='ocrx_word' id='word_1_21' title='bbox 495 480 619 525; x_wconf 79' lang='lat' dir='ltr'><strong>firma</strong></span> <span class='ocrx_word' id='word_1_22' title='bbox 656 479 813 525; x_wconf 89' lang='lat' dir='ltr'><strong>nititur</strong></span> <span class='ocrx_word' id='word_1_23' title='bbox 847 491 992 539; x_wconf 91' lang='lat' dir='ltr'><strong>neque</strong></span> <span class='ocrx_word' id='word_1_24' title='bbox 1025 492 1107 538; x_wconf 91' lang='lat' dir='ltr'><strong>per</strong></span> <span class='ocrx_word' id='word_1_25' title='bbox 1137 491 1187 524; x_wconf 90' lang='lat' dir='ltr'><strong>se</strong></span> <span class='ocrx_word' id='word_1_26' title='bbox 1220 478 1312 524; x_wconf 90' lang='lat' dir='ltr'><strong>ullo</strong></span> <span class='ocrx_word' id='word_1_27' title='bbox 1349 477 1483 525; x_wconf 92' lang='lat' dir='ltr'><strong>modo</strong></span> <span class='ocrx_word' id='word_1_28' title='bbox 1514 478 1629 524; x_wconf 91' lang='lat' dir='ltr'><strong>veri-</strong></span> 
     </span>
     <span class='ocr_line' id='line_1_5' title="bbox 203 554 1631 616; baseline -0.001 -12"><span class='ocrx_word' id='word_1_29' title='bbox 203 558 352 604; x_wconf 80' lang='lat' dir='ltr'>simile</span> <span class='ocrx_word' id='word_1_30' title='bbox 385 564 469 604; x_wconf 91' lang='lat' dir='ltr'><strong>est.</strong></span> <span class='ocrx_word' id='word_1_31' title='bbox 510 558 601 603; x_wconf 91' lang='lat' dir='ltr'><strong>lmo</strong></span> <span class='ocrx_word' id='word_1_32' title='bbox 638 571 720 603; x_wconf 90' lang='lat' dir='ltr'><strong>nec</strong></span> <span class='ocrx_word' id='word_1_33' title='bbox 750 556 914 602; x_wconf 80' lang='lat' dir='ltr'><strong>desunt</strong></span> <span class='ocrx_word' id='word_1_34' title='bbox 947 560 1208 616; x_wconf 83' lang='lat' dir='ltr'><strong>argumenta</strong></span> <span class='ocrx_word' id='word_1_35' title='bbox 1239 554 1432 615; x_wconf 88' lang='lat' dir='ltr'><strong>positiva</strong></span> <span class='ocrx_word' id='word_1_36' title='bbox 1466 554 1631 615; x_wconf 89' lang='lat' dir='ltr'><strong>quibus</strong></span> 
     </span>
     <span class='ocr_line' id='line_1_6' title="bbox 205 631 1632 692; baseline -0.002 -11"><span class='ocrx_word' id='word_1_37' title='bbox 205 636 325 682; x_wconf 92' lang='lat' dir='ltr'><strong>illius</strong></span> <span class='ocrx_word' id='word_1_38' title='bbox 367 635 608 682; x_wconf 85' lang='lat' dir='ltr'><strong>commenti</strong></span> <span class='ocrx_word' id='word_1_39' title='bbox 657 633 846 679; x_wconf 86' lang='lat' dir='ltr'><strong>inanitas</strong></span> <span class='ocrx_word' id='word_1_40' title='bbox 893 632 1172 679; x_wconf 78' lang='lat' dir='ltr'><strong>ostendatur.</strong></span> <span class='ocrx_word' id='word_1_41' title='bbox 1225 631 1394 678; x_wconf 88' lang='lat' dir='ltr'><strong>Auctor</strong></span> <span class='ocrx_word' id='word_1_42' title='bbox 1441 645 1632 692; x_wconf 89' lang='lat' dir='ltr'><strong>namque</strong></span> 
     </span>
     <span class='ocr_line' id='line_1_7' title="bbox 206 706 1631 773; baseline -0.002 -15"><span class='ocrx_word' id='word_1_43' title='bbox 206 712 376 773; x_wconf 91' lang='lat' dir='ltr'><strong>pluries</strong></span> <span class='ocrx_word' id='word_1_44' title='bbox 400 712 579 763; x_wconf 79' lang='lat' dir='ltr'><strong>asserit.</strong></span> <span class='ocrx_word' id='word_1_45' title='bbox 605 712 825 769; x_wconf 80' lang='lat' dir='ltr'><strong>Epistolas</strong></span> <span class='ocrx_word' id='word_1_46' title='bbox 858 724 963 755; x_wconf 88' lang='lat' dir='ltr'><strong>suas</strong></span> <span class='ocrx_word' id='word_1_47' title='bbox 994 709 1155 770; x_wconf 89' lang='lat' dir='ltr'><strong>partim</strong></span> <span class='ocrx_word' id='word_1_48' title='bbox 1190 722 1306 754; x_wconf 91' lang='lat' dir='ltr'><strong>anno</strong></span> <span class='ocrx_word' id='word_1_49' title='bbox 1333 706 1426 754; x_wconf 82' lang='grc'><strong>648</strong></span> <span class='ocrx_word' id='word_1_50' title='bbox 1453 707 1631 755; x_wconf 85' lang='lat' dir='ltr'><strong>Graeco-</strong></span> 
     </span>
     <span class='ocr_line' id='line_1_8' title="bbox 207 786 1631 851; baseline -0.003 -15"><span class='ocrx_word' id='word_1_51' title='bbox 207 805 320 843; x_wconf 90' lang='lat' dir='ltr'><strong>rum,</strong></span> <span class='ocrx_word' id='word_1_52' title='bbox 366 791 525 851; x_wconf 90' lang='lat' dir='ltr'><strong>partim</strong></span> <span class='ocrx_word' id='word_1_53' title='bbox 571 805 610 835; x_wconf 91' lang='lat' dir='ltr'><strong>a.</strong></span> <span class='ocrx_word' id='word_1_54' title='bbox 659 788 752 834; x_wconf 79' lang='lat'><strong>655</strong></span> <span class='ocrx_word' id='word_1_55' title='bbox 795 789 863 834; x_wconf 90' lang='lat' dir='ltr'><strong>vel</strong></span> <span class='ocrx_word' id='word_1_56' title='bbox 907 786 999 833; x_wconf 83' lang='lat'><strong>656</strong></span> <span class='ocrx_word' id='word_1_57' title='bbox 1042 801 1130 834; x_wconf 91' lang='lat' dir='ltr'><strong>non</strong></span> <span class='ocrx_word' id='word_1_58' title='bbox 1178 793 1348 833; x_wconf 89' lang='lat' dir='ltr'><strong>tantum</strong></span> <span class='ocrx_word' id='word_1_59' title='bbox 1395 786 1449 832; x_wconf 91' lang='lat' dir='ltr'><strong>ad</strong></span> <span class='ocrx_word' id='word_1_60' title='bbox 1496 787 1631 833; x_wconf 90' lang='lat' dir='ltr'><strong>alium</strong></span> 
     </span>
     <span class='ocr_line' id='line_1_9' title="bbox 207 865 1636 924; baseline 0 -12"><span class='ocrx_word' id='word_1_61' title='bbox 207 868 420 921; x_wconf 87' lang='lat' dir='ltr'><strong>directas,</strong></span> <span class='ocrx_word' id='word_1_62' title='bbox 461 867 540 913; x_wconf 89' lang='lat' dir='ltr'><strong>sed</strong></span> <span class='ocrx_word' id='word_1_63' title='bbox 579 873 623 912; x_wconf 89' lang='lat' dir='ltr'><strong>et</strong></span> <span class='ocrx_word' id='word_1_64' title='bbox 659 867 852 924; x_wconf 81' lang='lat' dir='ltr'><strong>scriptas</strong></span> <span class='ocrx_word' id='word_1_65' title='bbox 891 878 1021 918; x_wconf 90' lang='lat' dir='ltr'><strong>esse,</strong></span> <span class='ocrx_word' id='word_1_66' title='bbox 1062 871 1106 910; x_wconf 91' lang='lat' dir='ltr'><strong>et</strong></span> <span class='ocrx_word' id='word_1_67' title='bbox 1143 878 1196 910; x_wconf 88' lang='lat' dir='ltr'><strong>ex</strong></span> <span class='ocrx_word' id='word_1_68' title='bbox 1232 865 1553 910; x_wconf 79' lang='lat' dir='ltr'><strong>Dissertatione</strong></span> <span class='ocrx_word' id='word_1_69' title='bbox 1582 866 1636 912; x_wconf 82' lang='lat' dir='ltr'><strong>de</strong></span> 
     </span>
     <span class='ocr_line' id='line_1_10' title="bbox 207 939 1634 1003; baseline -0.003 -13"><span class='ocrx_word' id='word_1_70' title='bbox 207 946 351 997; x_wconf 81' lang='lat' dir='ltr'><strong>bellis,</strong></span> <span class='ocrx_word' id='word_1_71' title='bbox 397 942 419 1002; x_wconf 62' lang='grc' dir='ltr'><strong>ἓ</strong></span> <span class='ocrx_word' id='word_1_72' title='bbox 453 944 498 997; x_wconf 79' lang='grc'><strong>5,</strong></span> <span class='ocrx_word' id='word_1_73' title='bbox 539 943 699 1003; x_wconf 87' lang='lat' dir='ltr'><strong>probat</strong></span> <span class='ocrx_word' id='word_1_74' title='bbox 729 941 997 988; x_wconf 85' lang='lat' dir='ltr'><strong>Antonellus</strong></span> <span class='ocrx_word' id='word_1_75' title='bbox 1032 941 1083 999; x_wconf 83' lang='lat'><strong>(1)</strong></span> <span class='ocrx_word' id='word_1_76' title='bbox 1117 942 1228 986; x_wconf 88' lang='lat' dir='ltr'><strong>hanc</strong></span> <span class='ocrx_word' id='word_1_77' title='bbox 1259 954 1417 1000; x_wconf 86' lang='lat' dir='ltr'><strong>reapse</strong></span> <span class='ocrx_word' id='word_1_78' title='bbox 1458 954 1498 986; x_wconf 89' lang='lat' dir='ltr'><strong>a.</strong></span> <span class='ocrx_word' id='word_1_79' title='bbox 1542 939 1634 987; x_wconf 82' lang='lat'><strong>648</strong></span> 
     </span>
     <span class='ocr_line' id='line_1_11' title="bbox 210 1028 576 1068; baseline -0.005 0"><span class='ocrx_word' id='word_1_80' title='bbox 210 1036 313 1068; x_wconf 88' lang='lat' dir='ltr'><strong>esse</strong></span> <span class='ocrx_word' id='word_1_81' title='bbox 338 1028 576 1067; x_wconf 82' lang='lat' dir='ltr'><strong>exaratam.</strong></span> 
     </span>
    </p>

    <p class='ocr_par' dir='ltr' id='par_1_3' title="bbox 209 1094 1639 1530">
     <span class='ocr_line' id='line_1_12' title="bbox 274 1094 1637 1156; baseline -0.001 -13"><span class='ocrx_word' id='word_1_82' title='bbox 274 1099 401 1149; x_wconf 85' lang='lat' dir='ltr'><strong>Tum,</strong></span> <span class='ocrx_word' id='word_1_83' title='bbox 433 1105 478 1143; x_wconf 89' lang='lat' dir='ltr'><strong>ut</strong></span> <span class='ocrx_word' id='word_1_84' title='bbox 505 1098 577 1143; x_wconf 87' lang='lat' dir='ltr'><strong>hic</strong></span> <span class='ocrx_word' id='word_1_85' title='bbox 602 1097 860 1143; x_wconf 89' lang='lat' dir='ltr'><strong>omittamus</strong></span> <span class='ocrx_word' id='word_1_86' title='bbox 881 1096 1028 1141; x_wconf 87' lang='lat' dir='ltr'><strong>varios</strong></span> <span class='ocrx_word' id='word_1_87' title='bbox 1047 1109 1198 1141; x_wconf 87' lang='lat' dir='ltr'><strong>naevos</strong></span> <span class='ocrx_word' id='word_1_88' title='bbox 1218 1094 1271 1140; x_wconf 89' lang='lat' dir='ltr'><strong>ad</strong></span> <span class='ocrx_word' id='word_1_89' title='bbox 1298 1094 1637 1156; x_wconf 77' lang='lat' dir='ltr'><strong>chronologiam</strong></span> 
     </span>
     <span class='ocr_line' id='line_1_13' title="bbox 209 1171 1639 1235; baseline -0.002 -14"><span class='ocrx_word' id='word_1_90' title='bbox 209 1182 483 1235; x_wconf 83' lang='lat' dir='ltr'><strong>spectantes,</strong></span> <span class='ocrx_word' id='word_1_91' title='bbox 515 1188 630 1234; x_wconf 90' lang='lat' dir='ltr'><strong>quos</strong></span> <span class='ocrx_word' id='word_1_92' title='bbox 655 1174 760 1219; x_wconf 86' lang='lat' dir='ltr'><strong>alibi</strong></span> <span class='ocrx_word' id='word_1_93' title='bbox 787 1173 1004 1232; x_wconf 88' lang='lat' dir='ltr'><strong>subjectis</strong></span> <span class='ocrx_word' id='word_1_94' title='bbox 1030 1173 1196 1218; x_wconf 89' lang='lat' dir='ltr'><strong>notulis</strong></span> <span class='ocrx_word' id='word_1_95' title='bbox 1230 1171 1478 1232; x_wconf 83' lang='lat' dir='ltr'><strong>tetigimus,</strong></span> <span class='ocrx_word' id='word_1_96' title='bbox 1511 1172 1639 1232; x_wconf 91' lang='lat' dir='ltr'><strong>plura</strong></span> 
     </span>
     <span class='ocr_line' id='line_1_14' title="bbox 209 1248 1637 1312; baseline -0.002 -15"><span class='ocrx_word' id='word_1_97' title='bbox 209 1253 379 1312; x_wconf 85' lang='lat' dir='ltr'><strong>absque</strong></span> <span class='ocrx_word' id='word_1_98' title='bbox 406 1252 676 1297; x_wconf 85' lang='lat' dir='ltr'><strong>necessitate</strong></span> <span class='ocrx_word' id='word_1_99' title='bbox 696 1250 975 1296; x_wconf 82' lang='lat' dir='ltr'><strong>intermiscet</strong></span> <span class='ocrx_word' id='word_1_100' title='bbox 995 1249 1216 1310; x_wconf 84' lang='lat' dir='ltr'><strong>Georgius</strong></span> <span class='ocrx_word' id='word_1_101' title='bbox 1242 1250 1297 1295; x_wconf 89' lang='lat' dir='ltr'><strong>de</strong></span> <span class='ocrx_word' id='word_1_102' title='bbox 1322 1248 1453 1296; x_wconf 90' lang='lat' dir='ltr'><strong>annis</strong></span> <span class='ocrx_word' id='word_1_103' title='bbox 1472 1263 1496 1295; x_wconf 89' lang='lat' dir='ltr'><strong>a</strong></span> <span class='ocrx_word' id='word_1_104' title='bbox 1521 1248 1637 1295; x_wconf 87' lang='lat' dir='ltr'><strong>Con-</strong></span> 
     </span>
     <span class='ocr_line' id='line_1_15' title="bbox 211 1324 1639 1389; baseline -0.002 -13"><span class='ocrx_word' id='word_1_105' title='bbox 211 1330 407 1376; x_wconf 83' lang='lat' dir='ltr'><strong>stantino</strong></span> <span class='ocrx_word' id='word_1_106' title='bbox 447 1330 715 1389; x_wconf 85' lang='lat' dir='ltr'><strong>imperatore</strong></span> <span class='ocrx_word' id='word_1_107' title='bbox 753 1335 796 1373; x_wconf 85' lang='lat' dir='ltr'><strong>et</strong></span> <span class='ocrx_word' id='word_1_108' title='bbox 834 1328 1014 1373; x_wconf 83' lang='lat' dir='ltr'><strong>Nicaena</strong></span> <span class='ocrx_word' id='word_1_109' title='bbox 1049 1326 1223 1388; x_wconf 86' lang='lat' dir='ltr'><strong>synodo</strong></span> <span class='ocrx_word' id='word_1_110' title='bbox 1259 1326 1400 1387; x_wconf 87' lang='lat' dir='ltr'><strong>lapsis</strong></span> <span class='ocrx_word' id='word_1_111' title='bbox 1433 1324 1500 1387; x_wconf 71' lang='lat' dir='ltr'><strong>(a),</strong></span> <span class='ocrx_word' id='word_1_112' title='bbox 1539 1339 1639 1386; x_wconf 84' lang='lat' dir='ltr'><strong>quae</strong></span> 
     </span>
     <span class='ocr_line' id='line_1_16' title="bbox 212 1403 1639 1466; baseline -0.001 -14"><span class='ocrx_word' id='word_1_113' title='bbox 212 1408 414 1460; x_wconf 87' lang='lat' dir='ltr'><strong>multum,</strong></span> <span class='ocrx_word' id='word_1_114' title='bbox 453 1413 664 1466; x_wconf 89' lang='lat' dir='ltr'><strong>quantum</strong></span> <span class='ocrx_word' id='word_1_115' title='bbox 702 1419 787 1466; x_wconf 84' lang='lat' dir='ltr'><strong>ego</strong></span> <span class='ocrx_word' id='word_1_116' title='bbox 813 1405 978 1458; x_wconf 89' lang='lat' dir='ltr'><strong>sentio,</strong></span> <span class='ocrx_word' id='word_1_117' title='bbox 1008 1403 1320 1465; x_wconf 86' lang='lat' dir='ltr'><strong>perspicuitati</strong></span> <span class='ocrx_word' id='word_1_118' title='bbox 1357 1410 1639 1464; x_wconf 83' lang='lat' dir='ltr'><strong>argumenta-</strong></span> 
     </span>
     <span class='ocr_line' id='line_1_17' title="bbox 211 1483 591 1530; baseline -0.005 -1"><span class='ocrx_word' id='word_1_119' title='bbox 211 1484 348 1529; x_wconf 88' lang='lat' dir='ltr'><strong>tionis</strong></span> <span class='ocrx_word' id='word_1_120' title='bbox 375 1483 591 1530; x_wconf 87' lang='lat' dir='ltr'><strong>officiunt.</strong></span> 
     </span>
    </p>

    <p class='ocr_par' dir='ltr' id='par_1_4' title="bbox 212 1558 1643 2235">
     <span class='ocr_line' id='line_1_18' title="bbox 279 1558 1641 1621; baseline -0.001 -16"><span class='ocrx_word' id='word_1_121' title='bbox 279 1562 406 1614; x_wconf 68' lang='lat' dir='ltr'><strong>Dein,</strong></span> <span class='ocrx_word' id='word_1_122' title='bbox 437 1561 540 1606; x_wconf 91' lang='lat' dir='ltr'><strong>dum</strong></span> <span class='ocrx_word' id='word_1_123' title='bbox 567 1561 660 1621; x_wconf 84' lang='lat' dir='ltr'><strong>agit</strong></span> <span class='ocrx_word' id='word_1_124' title='bbox 685 1561 739 1606; x_wconf 93' lang='lat' dir='ltr'><strong>de</strong></span> <span class='ocrx_word' id='word_1_125' title='bbox 765 1573 880 1604; x_wconf 91' lang='lat' dir='ltr'><strong>anno</strong></span> <span class='ocrx_word' id='word_1_126' title='bbox 917 1573 1005 1618; x_wconf 92' lang='lat' dir='ltr'><strong>quo</strong></span> <span class='ocrx_word' id='word_1_127' title='bbox 1045 1559 1308 1618; x_wconf 82' lang='lat' dir='ltr'><strong>Ephraemus</strong></span> <span class='ocrx_word' id='word_1_128' title='bbox 1345 1558 1545 1604; x_wconf 90' lang='lat' dir='ltr'><strong>scribere</strong></span> <span class='ocrx_word' id='word_1_129' title='bbox 1571 1558 1641 1604; x_wconf 90' lang='lat' dir='ltr'><strong>vel</strong></span> 
     </span>
     <span class='ocr_line' id='line_1_19' title="bbox 212 1635 1639 1697; baseline -0.002 -13"><span class='ocrx_word' id='word_1_130' title='bbox 212 1639 374 1684; x_wconf 79' lang='lat' dir='ltr'><strong>docere</strong></span> <span class='ocrx_word' id='word_1_131' title='bbox 411 1638 599 1697; x_wconf 82' lang='lat' dir='ltr'><strong>coeperit</strong></span> <span class='ocrx_word' id='word_1_132' title='bbox 624 1643 687 1694; x_wconf 71' lang='lat'><strong>(3),</strong></span> <span class='ocrx_word' id='word_1_133' title='bbox 718 1651 768 1682; x_wconf 86' lang='lat' dir='ltr'><strong>ex</strong></span> <span class='ocrx_word' id='word_1_134' title='bbox 795 1651 847 1682; x_wconf 89' lang='lat' dir='ltr'><strong>eo</strong></span> <span class='ocrx_word' id='word_1_135' title='bbox 884 1635 1004 1697; x_wconf 93' lang='lat' dir='ltr'><strong>quod</strong></span> <span class='ocrx_word' id='word_1_136' title='bbox 1042 1636 1113 1681; x_wconf 90' lang='lat' dir='ltr'><strong>hic</strong></span> <span class='ocrx_word' id='word_1_137' title='bbox 1150 1635 1265 1696; x_wconf 91' lang='lat' dir='ltr'><strong>apud</strong></span> <span class='ocrx_word' id='word_1_138' title='bbox 1309 1635 1639 1682; x_wconf 91' lang='lat' dir='ltr'><strong>Theodoretum</strong></span> 
     </span>
     <span class='ocr_line' id='line_1_20' title="bbox 213 1711 1642 1775; baseline -0.001 -15"><span class='ocrx_word' id='word_1_139' title='bbox 213 1716 500 1775; x_wconf 80' lang='lat' dir='ltr'><strong>perhibeatur</strong></span> <span class='ocrx_word' id='word_1_140' title='bbox 521 1716 730 1761; x_wconf 81' lang='lat' dir='ltr'><strong>floruisse</strong></span> <span class='ocrx_word' id='word_1_141' title='bbox 752 1722 843 1759; x_wconf 87' lang='lat' dir='ltr'><strong>tum</strong></span> <span class='ocrx_word' id='word_1_142' title='bbox 869 1714 953 1759; x_wconf 88' lang='lat' dir='ltr'><strong>sub</strong></span> <span class='ocrx_word' id='word_1_143' title='bbox 981 1713 1261 1766; x_wconf 87' lang='lat' dir='ltr'><strong>Constantio,</strong></span> <span class='ocrx_word' id='word_1_144' title='bbox 1281 1718 1373 1758; x_wconf 92' lang='lat' dir='ltr'><strong>tum</strong></span> <span class='ocrx_word' id='word_1_145' title='bbox 1399 1711 1532 1758; x_wconf 90' lang='lat' dir='ltr'><strong>etiam</strong></span> <span class='ocrx_word' id='word_1_146' title='bbox 1557 1712 1642 1758; x_wconf 90' lang='lat' dir='ltr'><strong>sub</strong></span> 
     </span>
     <span class='ocr_line' id='line_1_21' title="bbox 214 1789 1643 1852; baseline -0.002 -14"><span class='ocrx_word' id='word_1_147' title='bbox 214 1793 395 1838; x_wconf 84' lang='lat' dir='ltr'><strong>Valente</strong></span> <span class='ocrx_word' id='word_1_148' title='bbox 418 1793 702 1852; x_wconf 86' lang='lat' dir='ltr'><strong>imperatore,</strong></span> <span class='ocrx_word' id='word_1_149' title='bbox 727 1791 1086 1851; x_wconf 86' lang='lat' dir='ltr'><strong>computationes</strong></span> <span class='ocrx_word' id='word_1_150' title='bbox 1110 1804 1213 1835; x_wconf 88' lang='lat' dir='ltr'><strong>suas</strong></span> <span class='ocrx_word' id='word_1_151' title='bbox 1240 1789 1427 1850; x_wconf 87' lang='lat' dir='ltr'><strong>perinde</strong></span> <span class='ocrx_word' id='word_1_152' title='bbox 1448 1789 1643 1835; x_wconf 90' lang='lat' dir='ltr'><strong>instituit</strong></span> 
     </span>
     <span class='ocr_line' id='line_1_22' title="bbox 213 1863 1643 1927; baseline -0.001 -13"><span class='ocrx_word' id='word_1_153' title='bbox 213 1884 264 1914; x_wconf 85' lang='lat' dir='ltr'><strong>ae</strong></span> <span class='ocrx_word' id='word_1_154' title='bbox 301 1870 338 1914; x_wconf 79' lang='lat' dir='ltr'><strong>si</strong></span> <span class='ocrx_word' id='word_1_155' title='bbox 379 1869 575 1914; x_wconf 84' lang='lat' dir='ltr'><strong>nondum</strong></span> <span class='ocrx_word' id='word_1_156' title='bbox 613 1875 757 1922; x_wconf 87' lang='lat' dir='ltr'><strong>antea,</strong></span> <span class='ocrx_word' id='word_1_157' title='bbox 803 1869 890 1913; x_wconf 89' lang='lat' dir='ltr'><strong>imo</strong></span> <span class='ocrx_word' id='word_1_158' title='bbox 929 1881 1154 1927; x_wconf 88' lang='lat' dir='ltr'><strong>uunquam</strong></span> <span class='ocrx_word' id='word_1_159' title='bbox 1191 1872 1293 1912; x_wconf 87' lang='lat' dir='ltr'><strong>ante</strong></span> <span class='ocrx_word' id='word_1_160' title='bbox 1329 1881 1368 1912; x_wconf 90' lang='lat' dir='ltr'><strong>a.</strong></span> <span class='ocrx_word' id='word_1_161' title='bbox 1411 1863 1523 1920; x_wconf 87' lang='grc'><strong>378,</strong></span> <span class='ocrx_word' id='word_1_162' title='bbox 1553 1879 1643 1926; x_wconf 92' lang='lat' dir='ltr'><strong>quo</strong></span> 
     </span>
     <span class='ocr_line' id='line_1_23' title="bbox 213 1942 1642 2003; baseline -0.003 -12"><span class='ocrx_word' id='word_1_163' title='bbox 213 1946 441 1992; x_wconf 86' lang='lat' dir='ltr'><strong>Valentem</strong></span> <span class='ocrx_word' id='word_1_164' title='bbox 479 1946 648 1992; x_wconf 85' lang='lat' dir='ltr'><strong>obiisse</strong></span> <span class='ocrx_word' id='word_1_165' title='bbox 685 1951 876 2002; x_wconf 85' lang='lat' dir='ltr'><strong>constat,</strong></span> <span class='ocrx_word' id='word_1_166' title='bbox 917 1945 960 1990; x_wconf 82' lang='lat' dir='ltr'><strong>S.</strong></span> <span class='ocrx_word' id='word_1_167' title='bbox 999 1945 1166 1990; x_wconf 80' lang='lat' dir='ltr'><strong>Doctor</strong></span> <span class='ocrx_word' id='word_1_168' title='bbox 1203 1943 1373 2003; x_wconf 89' lang='lat' dir='ltr'><strong>aliquid</strong></span> <span class='ocrx_word' id='word_1_169' title='bbox 1408 1942 1642 2003; x_wconf 89' lang='lat' dir='ltr'><strong>conscrip-</strong></span> 
     </span>
     <span class='ocr_line' id='line_1_24' title="bbox 215 2020 1643 2082; baseline -0.002 -13"><span class='ocrx_word' id='word_1_170' title='bbox 215 2024 369 2070; x_wconf 80' lang='lat' dir='ltr'><strong>sisset.</strong></span> <span class='ocrx_word' id='word_1_171' title='bbox 397 2051 454 2057; x_wconf 84' lang='lat'>—</span> <span class='ocrx_word' id='word_1_172' title='bbox 483 2024 533 2068; x_wconf 83' lang='lat' dir='ltr'><strong>At</strong></span> <span class='ocrx_word' id='word_1_173' title='bbox 562 2037 648 2069; x_wconf 89' lang='lat' dir='ltr'><strong>non</strong></span> <span class='ocrx_word' id='word_1_174' title='bbox 683 2023 827 2069; x_wconf 87' lang='lat' dir='ltr'><strong>solum</strong></span> <span class='ocrx_word' id='word_1_175' title='bbox 855 2029 974 2082; x_wconf 88' lang='lat' dir='ltr'><strong>patet</strong></span> <span class='ocrx_word' id='word_1_176' title='bbox 1001 2022 1131 2068; x_wconf 89' lang='lat' dir='ltr'><strong>istam</strong></span> <span class='ocrx_word' id='word_1_177' title='bbox 1167 2020 1502 2067; x_wconf 85' lang='lat' dir='ltr'><strong>conclusionem</strong></span> <span class='ocrx_word' id='word_1_178' title='bbox 1529 2033 1643 2080; x_wconf 83' lang='lat' dir='ltr'><strong>prae-</strong></span> 
     </span>
     <span class='ocr_line' id='line_1_25' title="bbox 217 2096 1643 2160; baseline -0.002 -15"><span class='ocrx_word' id='word_1_179' title='bbox 217 2107 283 2145; x_wconf 83' lang='lat' dir='ltr'><strong>ter</strong></span> <span class='ocrx_word' id='word_1_180' title='bbox 324 2114 481 2145; x_wconf 91' lang='lat' dir='ltr'><strong>omnes</strong></span> <span class='ocrx_word' id='word_1_181' title='bbox 519 2101 642 2160; x_wconf 82' lang='lat' dir='ltr'><strong>leges</strong></span> <span class='ocrx_word' id='word_1_182' title='bbox 680 2113 731 2144; x_wconf 87' lang='lat' dir='ltr'><strong>ex</strong></span> <span class='ocrx_word' id='word_1_183' title='bbox 771 2098 1028 2144; x_wconf 87' lang='lat' dir='ltr'><strong>memoratis</strong></span> <span class='ocrx_word' id='word_1_184' title='bbox 1066 2097 1304 2158; x_wconf 88' lang='lat' dir='ltr'><strong>principiis</strong></span> <span class='ocrx_word' id='word_1_185' title='bbox 1347 2096 1462 2152; x_wconf 87' lang='lat' dir='ltr'><strong>erui,</strong></span> <span class='ocrx_word' id='word_1_186' title='bbox 1489 2109 1643 2143; x_wconf 89' lang='lat' dir='ltr'><strong>verum</strong></span> 
     </span>
     <span class='ocr_line' id='line_1_26' title="bbox 218 2174 1504 2235; baseline -0.002 -13"><span class='ocrx_word' id='word_1_187' title='bbox 218 2179 350 2224; x_wconf 88' lang='lat' dir='ltr'><strong>multa</strong></span> <span class='ocrx_word' id='word_1_188' title='bbox 377 2177 556 2223; x_wconf 83' lang='lat' dir='ltr'><strong>aliunde</strong></span> <span class='ocrx_word' id='word_1_189' title='bbox 582 2183 738 2222; x_wconf 89' lang='lat' dir='ltr'><strong>contra</strong></span> <span class='ocrx_word' id='word_1_190' title='bbox 763 2177 860 2235; x_wconf 83' lang='lat' dir='ltr'><strong>ejus</strong></span> <span class='ocrx_word' id='word_1_191' title='bbox 885 2177 1116 2222; x_wconf 88' lang='lat' dir='ltr'><strong>veritatem</strong></span> <span class='ocrx_word' id='word_1_192' title='bbox 1143 2174 1292 2221; x_wconf 83' lang='lat' dir='ltr'><strong>afferri</strong></span> <span class='ocrx_word' id='word_1_193' title='bbox 1318 2181 1504 2235; x_wconf 91' lang='lat' dir='ltr'><strong>queunt.</strong></span> 
     </span>
    </p>

    <p class='ocr_par' dir='ltr' id='par_1_5' title="bbox 219 2251 1703 2546">
     <span class='ocr_line' id='line_1_27' title="bbox 285 2251 1703 2314; baseline -0.001 -16"><span class='ocrx_word' id='word_1_194' title='bbox 285 2256 458 2300; x_wconf 85' lang='lat' dir='ltr'><strong>Etenim</strong></span> <span class='ocrx_word' id='word_1_195' title='bbox 501 2254 546 2299; x_wconf 89' lang='lat' dir='ltr'><strong>S.</strong></span> <span class='ocrx_word' id='word_1_196' title='bbox 590 2254 853 2313; x_wconf 80' lang='lat' dir='ltr'><strong>Ephraemus</strong></span> <span class='ocrx_word' id='word_1_197' title='bbox 889 2267 927 2297; x_wconf 91' lang='lat' dir='ltr'><strong>a.</strong></span> <span class='ocrx_word' id='word_1_198' title='bbox 973 2251 1084 2305; x_wconf 85' lang='lat'><strong>373,</strong></span> <span class='ocrx_word' id='word_1_199' title='bbox 1125 2252 1251 2311; x_wconf 87' lang='lat' dir='ltr'><strong>juxta</strong></span> <span class='ocrx_word' id='word_1_200' title='bbox 1292 2251 1645 2297; x_wconf 89' lang='lat' dir='ltr'><strong>communiorem</strong></span> <span class='ocrx_word' id='word_1_201' title='bbox 1699 2309 1703 2314; x_wconf 83' lang='lat'><strong>.</strong></span> 
     </span>
     <span class='ocr_line' id='line_1_28' title="bbox 225 2327 1645 2389; baseline -0.002 -12"><span class='ocrx_word' id='word_1_202' title='bbox 225 2332 509 2383; x_wconf 77' lang='lat' dir='ltr'><strong>sententiam,</strong></span> <span class='ocrx_word' id='word_1_203' title='bbox 540 2331 657 2376; x_wconf 88' lang='lat' dir='ltr'><strong>diem</strong></span> <span class='ocrx_word' id='word_1_204' title='bbox 677 2343 935 2389; x_wconf 85' lang='lat' dir='ltr'><strong>supremum</strong></span> <span class='ocrx_word' id='word_1_205' title='bbox 957 2329 1086 2382; x_wconf 84' lang='lat' dir='ltr'><strong>obiit,</strong></span> <span class='ocrx_word' id='word_1_206' title='bbox 1116 2335 1160 2374; x_wconf 88' lang='lat' dir='ltr'><strong>et</strong></span> <span class='ocrx_word' id='word_1_207' title='bbox 1179 2342 1231 2374; x_wconf 85' lang='lat' dir='ltr'><strong>ex</strong></span> <span class='ocrx_word' id='word_1_208' title='bbox 1252 2327 1450 2374; x_wconf 90' lang='lat' dir='ltr'><strong>omnium</strong></span> <span class='ocrx_word' id='word_1_209' title='bbox 1470 2327 1645 2374; x_wconf 87' lang='lat' dir='ltr'><strong>confes-</strong></span> 
     </span>
     <span class='ocr_line' id='line_1_29' title="bbox 219 2404 1646 2467; baseline -0.001 -14"><span class='ocrx_word' id='word_1_210' title='bbox 219 2410 347 2455; x_wconf 84' lang='lat' dir='ltr'><strong>sione</strong></span> <span class='ocrx_word' id='word_1_211' title='bbox 388 2424 427 2454; x_wconf 91' lang='lat' dir='ltr'><strong>a.</strong></span> <span class='ocrx_word' id='word_1_212' title='bbox 476 2406 568 2452; x_wconf 85' lang='lat'><strong>378</strong></span> <span class='ocrx_word' id='word_1_213' title='bbox 609 2421 694 2453; x_wconf 91' lang='lat' dir='ltr'><strong>non</strong></span> <span class='ocrx_word' id='word_1_214' title='bbox 740 2413 1092 2467; x_wconf 73' lang='lat' dir='ltr'><strong>praetergressus</strong></span> <span class='ocrx_word' id='word_1_215' title='bbox 1135 2413 1219 2452; x_wconf 87' lang='lat' dir='ltr'><strong>est.</strong></span> <span class='ocrx_word' id='word_1_216' title='bbox 1267 2404 1397 2460; x_wconf 91' lang='lat' dir='ltr'><strong>Dein,</strong></span> <span class='ocrx_word' id='word_1_217' title='bbox 1442 2404 1646 2466; x_wconf 88' lang='lat' dir='ltr'><strong>quamvis</strong></span> 
     </span>
     <span class='ocr_line' id='line_1_30' title="bbox 221 2482 1648 2546; baseline -0.003 -14"><span class='ocrx_word' id='word_1_218' title='bbox 221 2487 389 2532; x_wconf 89' lang='lat' dir='ltr'><strong>nullum</strong></span> <span class='ocrx_word' id='word_1_219' title='bbox 431 2492 640 2546; x_wconf 88' lang='lat' dir='ltr'><strong>suppetat</strong></span> <span class='ocrx_word' id='word_1_220' title='bbox 680 2485 996 2531; x_wconf 90' lang='lat' dir='ltr'><strong>documentum</strong></span> <span class='ocrx_word' id='word_1_221' title='bbox 1033 2483 1150 2530; x_wconf 87' lang='lat' dir='ltr'><strong>unde</strong></span> <span class='ocrx_word' id='word_1_222' title='bbox 1192 2482 1477 2529; x_wconf 89' lang='lat' dir='ltr'><strong>determinari</strong></span> <span class='ocrx_word' id='word_1_223' title='bbox 1514 2487 1648 2543; x_wconf 90' lang='lat' dir='ltr'><strong>queat</strong></span> 
     </span>
    </p>
   </div>
   <div class='ocr_carea' id='block_1_3' title="bbox 263 2637 1074 2791">
    <p class='ocr_par' dir='ltr' id='par_1_6' title="bbox 263 2637 1074 2791">
     <span class='ocr_line' id='line_1_31' title="bbox 263 2637 1074 2680; baseline -0.001 -10"><span class='ocrx_word' id='word_1_224' title='bbox 263 2641 309 2677; x_wconf 75' lang='grc'><strong>(1)</strong></span> <span class='ocrx_word' id='word_1_225' title='bbox 336 2637 423 2678; x_wconf 69' lang='lat' dir='ltr'><strong>opp.</strong></span> <span class='ocrx_word' id='word_1_226' title='bbox 444 2638 478 2671; x_wconf 89' lang='lat' dir='ltr'><strong>S.</strong></span> <span class='ocrx_word' id='word_1_227' title='bbox 499 2638 621 2670; x_wconf 76' lang='lat' dir='ltr'><strong>Jacooz&#39;</strong></span> <span class='ocrx_word' id='word_1_228' title='bbox 638 2637 815 2677; x_wconf 72' lang='lat' dir='ltr'><strong>Nisibeni,</strong></span> <span class='ocrx_word' id='word_1_229' title='bbox 835 2646 891 2680; x_wconf 77' lang='lat' dir='ltr'><strong>pp,</strong></span> <span class='ocrx_word' id='word_1_230' title='bbox 911 2638 953 2670; x_wconf 79' lang='lat'><strong>85</strong></span> <span class='ocrx_word' id='word_1_231' title='bbox 971 2639 1004 2670; x_wconf 90' lang='lat' dir='ltr'><strong>et</strong></span> <span class='ocrx_word' id='word_1_232' title='bbox 1021 2637 1074 2669; x_wconf 72' lang='lat'><strong>84.</strong></span> 
     </span>
     <span class='ocr_line' id='line_1_32' title="bbox 264 2693 665 2735; baseline -0.005 -10"><span class='ocrx_word' id='word_1_233' title='bbox 264 2693 310 2733; x_wconf 76' lang='lat'><strong>(2)</strong></span> <span class='ocrx_word' id='word_1_234' title='bbox 336 2695 405 2734; x_wconf 81' lang='lat' dir='ltr'><strong>Sup</strong></span> <span class='ocrx_word' id='word_1_235' title='bbox 427 2718 435 2731; x_wconf 93' lang='lat'><strong>,</strong></span> <span class='ocrx_word' id='word_1_236' title='bbox 455 2702 489 2734; x_wconf 88' lang='lat' dir='ltr'><strong>p.</strong></span> <span class='ocrx_word' id='word_1_237' title='bbox 511 2694 549 2725; x_wconf 70' lang='lat'><strong>28</strong></span> <span class='ocrx_word' id='word_1_238' title='bbox 566 2701 665 2735; x_wconf 84' lang='lat' dir='ltr'><strong>seqq.</strong></span> 
     </span>
     <span class='ocr_line' id='line_1_33' title="bbox 264 2748 754 2791; baseline -0.006 -9"><span class='ocrx_word' id='word_1_239' title='bbox 264 2750 310 2789; x_wconf 73' lang='grc' dir='ltr'><strong>ιδ)</strong></span> <span class='ocrx_word' id='word_1_240' title='bbox 336 2748 409 2781; x_wconf 84' lang='lat' dir='ltr'><strong>vid.</strong></span> <span class='ocrx_word' id='word_1_241' title='bbox 429 2756 522 2791; x_wconf 54' lang='lat' dir='ltr'><strong>sup„</strong></span> <span class='ocrx_word' id='word_1_242' title='bbox 543 2757 575 2791; x_wconf 88' lang='lat' dir='ltr'><strong>p.</strong></span> <span class='ocrx_word' id='word_1_243' title='bbox 597 2748 638 2781; x_wconf 74' lang='lat'><strong>22</strong></span> <span class='ocrx_word' id='word_1_244' title='bbox 656 2755 754 2790; x_wconf 85' lang='lat' dir='ltr'><strong>seqq.</strong></span> 
     </span>
    </p>
   </div>
  </div>
 </body>
</html>
