1737 2950
763 164 1057 207 ..192-

193 287 402 335 discussa
427 288 683 348 rejectaque
720 287 882 343 firmet,
913 287 1067 334 subdit
1090 287 1358 336 Antonellus
1384 289 1436 352 (1)
1461 289 1517 337 de
1541 290 1629 337 dif—

195 366 390 412 licultate
431 365 566 411 alium
611 364 869 412 inveniendi
911 365 1181 426 scriptorem
1227 366 1343 413 inter
1383 365 1624 422 Armenos,
1697 389 1700 396 ·

192 444 262 490 cui
313 463 334 484 «
366 443 461 490 haec
514 456 652 503 opera
703 442 926 503 assignari
982 443 1131 503 aliqua
1177 442 1571 490 verisimilitudine
1601 462 1625 486 »

190 527 372 580 queant,
401 520 474 566 vix
500 533 615 580 opus
639 527 709 566 est
734 525 779 565 ut
803 519 989 565 verbum
1016 533 1307 580 reponamus.
1339 520 1386 566 ln
1412 525 1625 581 promptu

189 597 308 642 enim
346 596 482 642 habes
519 596 865 655 responsionem
901 610 910 638 z
944 601 1174 642 auctorem
1212 597 1345 642 talem
1383 610 1471 643 non
1508 595 1627 643 inter

188 674 426 729 Armenos,
468 673 548 719 sed
593 673 708 718 inter
749 672 889 732 Syros
931 673 1224 732 quaerendum
1267 687 1395 728 esse,
1447 673 1537 720 imo
1581 678 1627 720 et

189 751 527 811 reperiendum;
564 750 655 796 illis
679 749 826 796 solum
855 750 1164 797 translationis
1190 750 1406 798 honorem
1433 750 1622 798 concedi

187 841 340 887 posse.

252 905 345 950 Nec
377 904 521 964 magis
556 903 737 964 proficit
771 903 918 949 editor
950 903 1197 958 Romanus,
1227 903 1332 949 dum
1368 917 1421 950 ex
1450 904 1622 952 Latinis

186 988 229 1028 et
263 981 434 1028 Graecis
468 981 676 1027 Patribus
714 980 945 1040 opinionis
979 995 1072 1027 suae
1109 986 1326 1040 patronos
1365 981 1541 1028 invocat
1573 978 1623 1044 (2)

185 1058 464 1104 Gennadium
498 1057 844 1111 Massiliensem,
882 1057 1010 1116 cujus
1044 1057 1350 1103 testimonium
1384 1072 1521 1117 supra
1552 1071 1621 1104 re-

185 1135 419 1181 citavimus
444 1132 508 1196 (3),
539 1135 586 1180 S.
615 1134 906 1180 Athanasium
940 1140 984 1180 et
1016 1139 1246 1180 auctorem
1271 1133 1374 1180 libri
1403 1135 1461 1181 De
1482 1135 1620 1181 ecele-

182 1214 382 1258 siasticis
407 1213 698 1270 dogmatibus.

250 1291 312 1336 De
339 1288 571 1336 Gennadio
598 1294 641 1335 et
667 1288 754 1333 fide
781 1301 912 1348 quam
939 1287 1027 1333 sibi
1055 1287 1135 1333 hae
1163 1287 1205 1332 in
1227 1301 1275 1333 re
1295 1288 1396 1346 jure
1423 1287 1620 1334 vindicet

175 1367 266 1425 Jam
304 1366 398 1412 haec
435 1366 602 1413 saeculo
639 1365 755 1411 XVll
783 1365 963 1411 notabat
1000 1364 1243 1411 Garnerius
1269 1362 1316 1427 (4)
1346 1381 1354 1410 :
1397 1383 1420 1406 «
1451 1364 1619 1411 Obser-

182 1443 392 1497 vandum,
431 1442 486 1489 de
521 1442 727 1488 doctrina
760 1441 980 1501 librisque
1012 1441 1167 1487 Jacobi
1202 1441 1408 1488 Nisibeni
1448 1441 1557 1487 nihil
1596 1455 1621 1488 a
1692 1435 1697 1470 1

181 1519 466 1566 Theodoreto
493 1520 712 1579 scriptum
738 1532 857 1572 esse,
889 1532 987 1564 cum
1017 1525 1162 1564 tamen
1189 1519 1243 1563 ad
1270 1518 1619 1566 commendatio·

180 1610 280 1642 nem
323 1598 565 1657 plurimum
605 1597 794 1649 faceret;
843 1596 953 1641 nihil
995 1597 1049 1642 ab
1093 1596 1386 1657 Hieronymo,
1431 1596 1527 1642 sive
1574 1596 1618 1642 in
1694 1599 1695 1603 ’

181 1674 410 1728 Chronico,
439 1674 534 1720 sive
561 1674 605 1718 in
635 1674 842 1732 Gataloqo
875 1674 1147 1731 scriptorum
1181 1674 1614 1730 ecclesiasticorum,-

180 1751 290 1796 nihil
322 1752 488 1811 pariter
523 1751 576 1797 ab
613 1751 889 1805 Ebed-Jesu,
919 1750 1139 1811 diligente
1173 1751 1449 1811 caeteroquin
1476 1751 1614 1798 libro-

178 1841 274 1872 rum
302 1827 517 1888 Syrorum
544 1827 837 1887 inquisitore;
868 1826 979 1871 nihil
1004 1826 1058 1872 ab
1086 1827 1176 1873 ullo
1202 1833 1422 1882 veterum,
1451 1832 1617 1887 praeter

178 1916 311 1948 unum
339 1903 636 1957 Gennadium,
679 1903 755 1962 qui
790 1902 949 1962 viginti
984 1907 1175 1962 quatuor
1209 1902 1352 1949 libros
1387 1908 1609 1950 recenset.

175 1979 336 2026 Verum
370 1981 589 2027 Gennadii
627 1981 870 2027 auctoritas
910 1995 998 2027 non
1036 1981 1213 2027 videtur
1245 1981 1354 2026 mihi
1392 1986 1531 2035 tanta,
1566 1987 1614 2026 ut
1674 2007 1678 2009 -

175 2070 351 2102 omnem
393 2058 656 2117 scrupulum
700 2057 877 2103 evellat.
926 2056 1053 2102 Unde
1101 2056 1220 2102 enim
1263 2056 1387 2103 novit
1432 2055 1614 2117 Syriaca

174 2147 327 2192 opera,
357 2134 432 2193 qui
468 2134 539 2179 vix
579 2133 701 2179 novit
738 2133 918 2178 Graeca?
949 2132 1076 2179 Unde
1112 2133 1200 2178 seit
1234 2133 1289 2179 ab
1331 2131 1611 2194 Hieronymo

174 2209 401 2269 praeterita
432 2215 672 2270 propterea
707 2209 827 2269 quod
864 2209 1061 2255 nondum
1100 2209 1143 2254 in
1177 2209 1380 2270 linguam
1411 2208 1611 2256 Graecam

173 2300 301 2331 versa
327 2293 482 2332 essent
508 2300 590 2331 nec
626 2286 929 2346 Hieronymus
966 2286 1243 2346 intelligeret
1278 2287 1423 2332 adhuc
1460 2286 1610 2347 Syria·
1686 2327 1689 2331 .

172 2375 266 2406 cam
295 2362 520 2422 linguam?
545 2361 612 2407 An
637 2375 856 2408 conversa
881 2362 1061 2407 fuerunt
1086 2368 1245 2421 postea
1263 2363 1370 2409 etin
1391 2361 1607 2420 Graecam,
1705 2351 1711 2369 ³

214 2526 261 2565 (l)
287 2524 352 2565 op.
371 2524 446 2565 cit„
466 2523 603 2567 praet'at.
624 2534 658 2566 p.
678 2525 711 2557 2.

212 2579 260 2618 (2)
286 2578 390 2620 lbid..
409 2587 469 2621 pp.
489 2579 560 2612 2-6.

212 2635 259 2673 (3)
286 2635 366 2676 Pag.
388 2634 462 2666 ¹49.

210 2689 259 2729 (4)
284 2690 346 2730 Ap.
367 2688 609 2729 Antonellum‚
627 2697 683 2729 op.
703 2691 733 2721 ec
749 2689 812 2722 coc.
833 2688 905 2722 citt.
