1737 2950
664 147 958 189 —le—

94 272 243 332 pergit
281 289 287 316 :
330 292 351 313 «
385 273 470 318 Per
508 272 641 319 tidem
683 273 840 326 Jcsue,
880 271 995 316 Nuni
1035 271 1172 326 tilius,
1215 273 1348 319 etiam
1384 290 1537 324 muros

92 349 371 396 Jerichontis
397 350 639 405 subvertit,
669 357 758 396 etc.
794 369 814 389 »

162 427 325 475 Eadem
369 442 505 489 porro
551 430 630 475 hac
675 429 777 474 illac
820 427 1101 487 exspatiandi
1146 429 1328 476 licentia
1377 434 1535 481 nullibi

94 505 244 551 forsan
271 506 548 551 luculentius
584 519 686 552 sese
724 504 977 550 manifestat
1009 519 1141 564 quam
1178 506 1221 551 in
1253 509 1463 566 Epistoloe
1485 512 1540 558 de

84 581 260 644 jejunio
286 581 333 641 ἐξ
361 583 405 635 7,
437 581 463 627 8
501 590 544 630 et
579 582 605 628 9
635 583 701 643 (1).
735 584 781 627 ln
818 596 871 628 co
909 582 1028 636 loco,
1068 597 1169 628 cum
1204 585 1313 631 velit
1347 587 1539 648 Sapiens

97 660 233 706 Persa
267 661 498 708 declarare
536 662 763 722 quodnam
791 660 1011 720 jejunium
1050 661 1143 707 Deo
1179 662 1240 709 sit
1273 673 1536 726 acceptum,

96 743 304 798 tanquam
341 739 570 799 exemplar
609 745 824 785 memorat
860 751 911 783 ac
945 739 1231 786 commendat
1266 741 1539 792 Mardochaei

94 820 137 860 et
162 815 368 862 Estheris
389 816 628 875 jejunium,
658 831 748 876 quo
782 815 854 862 isti
887 829 975 861 non
1017 816 1150 863 modo
1185 832 1312 864 suam
1349 823 1538 881 popula-

96 891 302 952 riumque
344 907 528 939 suorum
572 893 780 946 salutem,
823 906 975 938 verum
1011 893 1144 939 etiam
1180 894 1366 942 Amanis
1408 897 1539 945 Ama-

96 969 240 1015 lecitae
267 977 456 1016 mortem
483 970 737 1016 obtinuere.
763 968 895 1022 Tum,
927 968 1042 1015 facto
1071 970 1174 1017 inde
1202 972 1350 1029 initio,
1380 988 1541 1023 causas

97 1047 286 1107 inquirit
317 1048 409 1094 odii
445 1062 535 1108 quo
570 1047 710 1094 Aman
746 1047 931 1093 Judaeos
967 1049 1346 1109 prosequebatur,
1383 1053 1544 1114 sicque

96 1138 150 1170 6ο
185 1124 367 1171 devenit
404 1130 449 1170 ut
487 1125 707 1186 integram
746 1125 886 1170 ferme
921 1123 1269 1172 Amalecitarum
1306 1128 1542 1176 historiam

97 1216 150 1247 ex
176 1201 326 1248 Sacris
355 1202 504 1248 Libris
529 1202 765 1262 depromat
787 1207 921 1261 atque
948 1201 1168 1248 exhibeat.
1201 1204 1316 1250 Hinc
1341 1208 1545 1254 ostendit

97 1280 327 1341 quomodo
371 1280 682 1326 Mardochaeus
717 1279 820 1339 jure
864 1279 1023 1324 merito
1066 1279 1223 1326 Amani
1265 1282 1544 1332 adorationis

97 1357 244 1403 civilis
281 1358 496 1404 honorem
534 1357 851 1418 denegaverit,
891 1356 995 1401 dein
1031 1370 1111 1402 cur
1146 1357 1406 1407 Amalecitae
1439 1368 1543 1410 ante

99 1449 257 1481 omnes
306 1435 416 1481 alias
460 1436 814 1481 Chananaeorum
856 1433 1000 1480 tribus
1037 1434 1243 1482 Hebraeis
1279 1438 1332 1483 ad
1381 1445 1546 1487 terram

98 1514 369 1574 promissam
412 1513 703 1560 tendentibus
746 1513 972 1559 obsistere
1012 1513 1162 1559 conati
1203 1515 1320 1570 sint,
1365 1519 1544 1565 tandem

98 1604 235 1650 quare
274 1591 469 1645 Esavus‚
508 1606 531 1636 a
561 1606 651 1652 quo
686 1590 946 1636 Amalecitae
983 1604 1130 1650 genus
1168 1591 1419 1650 ducebant,
1458 1596 1543 1642 sub

97 1667 249 1714 fratris
289 1668 445 1714 Jacobi
489 1675 715 1728 potestate
759 1667 893 1714 suerit
940 1667 995 1712 ab
1042 1667 1196 1714 Isaaco
1244 1671 1540 1719 constitutus.

98 1744 204 1799 Sed,
235 1760 324 1806 quo
360 1760 433 1792 res
469 1745 636 1792 clarior
675 1746 765 1799 fiat,
798 1746 947 1805 ipsum
981 1744 1253 1804 Aphraatcm
1289 1747 1538 1797 audiamus.

166 1823 440 1878 «Animum,
470 1824 548 1877 ait,
578 1823 802 1876 attendas,
839 1822 1094 1868 carissime.
1129 1823 1356 1882 Jejunium
1382 1841 1542 1888 accep-

97 1907 190 1947 tum
233 1901 355 1962 quod
398 1901 699 1948 observarunt
742 1900 1053 1947 Mardocbaeus
1101 1908 1145 1946 ct
1192 1902 1374 1959 Esther,
1420 1907 1541 1965 quod

98 1980 309 2026 omnibus
336 1981 556 2027 Israelitis
583 1988 762 2026 scutum
789 1980 949 2026 salutis
976 1980 1075 2034 suit,
1106 1995 1195 2041 quo
1223 1983 1355 2029 etiam
1381 1999 1541 2046 super-

99 2057 215 2104 biam
249 2058 450 2112 Amanis,
488 2059 798 2119 persecutoris
833 2059 921 2114 sui,
958 2059 1303 2119 depresserunt,
1349 2063 1429 2109 tibi
1464 2080 1540 2112 ex-

98 2150 278 2197 ponam.
306 2137 430 2182 Tunc
464 2137 584 2182 enim
616 2136 800 2183 Amanis
835 2137 1048 2197 iniquitas
1075 2144 1119 2184 ct
1143 2139 1335 2186 consilia
1361 2141 1541 2191 fraudu-

98 2214 218 2261 lenta
244 2213 286 2258 in
313 2219 447 2274 caput
472 2213 569 2273 ejus
595 2228 815 2260 conversa
851 2220 979 2268 sunt;
1006 2214 1181 2274 judicio
1216 2231 1306 2277 quo
1334 2218 1539 2278 judicare

98 2290 278 2337 volebat
302 2290 384 2336 fuit
410 2291 507 2350 ipse
528 2291 775 2349 judicatus,
807 2306 1015 2337 mensura
1041 2307 1127 2352 qua
1161 2293 1223 2339 uti
1256 2300 1542 2355 proponebat

100 2382 207 2429 erga
233 2382 332 2415 eum
358 2368 556 2414 adbibita
582 2376 668 2421 est,
699 2377 742 2415 et
768 2371 887 2430 quod
917 2371 959 2415 in
987 2371 1100 2418 alios
1126 2372 1427 2422 meditabatur
1451 2377 1541 2438 ipsi

101 2445 267 2493 evenit.
322 2446 613 2492 Peccatorum
673 2462 858 2493 suorum
908 2449 1068 2508 laqueo
1117 2452 1395 2499 constrictus
1442 2463 1540 2511 est,

102 2519 273 2569 divitiae
322 2522 487 2582 quibus
535 2524 814 2584 gloriabatur
856 2539 954 2570 eum
1001 2540 1087 2572 non
1134 2528 1357 2575 comitatae
1407 2538 1540 2588 sunt,

149 2696 195 2733 (l)
220 2695 522 2738 A1}.Wrigbt.,p.
551 2688 586 2733 ἰ-ἱ
614 2706 690 2739 seq.
