1737 2950
715 204 764 212 -
826 192 907 222 XIII
966 205 1018 210 —-

145 308 351 344 Anneius
376 306 431 342 tv,
454 326 499 331 —
521 306 572 342 De
592 307 687 352 stylo
707 309 741 343 et
761 315 894 352 genere
914 305 1058 342 dicendi
1080 306 1278 352 Aphraatis
1337 334 1345 342 .
1403 336 1410 343 .
1471 336 1476 342 .
1533 308 1604 343 205

518 366 671 403 CAPUT
689 367 734 403 II.

518 427 570 463 De
587 426 782 472 Aphraatis
798 426 976 463 doctrinae
988 428 1139 472 ejusque
1155 425 1402 473 Epistolarmn
1413 437 1481 463 usu

567 488 776 534 dogmatico
796 493 831 525 et
849 489 1038 535 exegetico
1073 516 1477 525 .......
1534 490 1604 525 ΞΠ

147 551 352 587 Αητιοιί,ι·5
375 551 399 586 I.
441 571 486 575 —
516 547 594 594 Qua
615 550 823 590 occasione,
842 559 958 596 quove
978 550 1135 586 consitio
1151 549 1357 596 Aphraates
1373 551 1479 597 Epis-

566 609 658 645 totas
677 609 848 654 ediderit,
871 614 906 646 et
925 619 1090 655 quaenam
1113 610 1161 646 sit
1181 610 1371 656 generalis
1390 611 1480 647 ista-

567 680 646 707 rum
667 670 810 707 indoles
866 698 1472 708 ..........
1528 672 1600 705 217

408 732 424 778 ξ
456 734 488 768 t.
520 733 570 769 De
590 732 836 778 Epistolarum
856 732 1052 768 occasione
1072 736 1108 768 et
1123 732 1193 769 tine
1199 760 1475 769 .....
1531 732 1603 767 217

407 793 424 838 ἓ
451 794 488 829 9..
522 794 571 830 De
599 793 845 840 Epistolarum
875 794 998 830 indole
1024 797 1059 830 et
1087 803 1210 830 earum
1238 794 1272 830 in
1302 793 1478 839 quasdam

567 854 710 890 classes
735 853 996 890 distributione
1003 882 1475 890 ........
1531 853 1603 890 225

141 915 166 949 Α
177 923 352 950 anetus
374 914 418 950 II.
454 934 499 939 ——
529 915 713 951 Doctrinae
735 913 952 960 theologicae
979 914 1176 959 Aphraatis
1198 923 1348 950 examen
1370 914 1478 950 insti-

567 976 681 1012 tuitur
731 1003 1474 1012 ............
1530 975 1602 1010 227

407 1037 423 1082 ἕ
453 1038 486 1072 1.
518 1037 569 1072 De
590 1036 787 1082 Aphraate,
808 1036 1020 1073 traditionis
1041 1036 1233 1073 catholicae
1247 1039 1344 1073 teste
1400 1064 1407 1071 .
1468 1064 1475 1072 .
1530 1035 1602 1071 227

417 1098 444 1133 I.
506 1097 703 1143 Aphraatis
723 1097 890 1134 doctrina
907 1097 952 1133 de
971 1098 1045 1133 Deo
1065 1101 1100 1133 et
1120 1097 1164 1133 de
1181 1096 1248 1134 SS.
1266 1096 1443 1132 Trinitate
1465 1125 1472 1132 .
1529 1096 1602 1131 2-28

418 1159 461 1195 II.
508 1158 707 1204 Aphraatis
727 1158 894 1195 doctrina
915 1159 958 1194 de
979 1159 1165 1195 creatione
1202 1186 1475 1196 .....
1529 1158 1596 1193 241

415 1219 479 1256 III.
510 1219 706 1265 Aphraatis
726 1219 891 1256 doctrina
913 1220 957 1256 de
981 1220 1245 1257 incarnationis
1260 1220 1434 1266 mysterio
1466 1249 1472 1255 .
1529 1220 1601 1255 2225

418 1281 476 1317 tv.
506 1280 704 1326 Aphraatis
725 1280 891 1317 doctrina
919 1281 964 1317 de
990 1285 1142 1326 peceato
1169 1280 1338 1327 originali
1369 1284 1403 1317 et
1431 1281 1476 1317 de

556 1340 807 1386 redemptione
826 1350 846 1376 a
874 1341 1022 1377 Christo
1047 1344 1194 1386 peracta
1201 1369 1473 1377 .....
1528 1340 1599 1376 254

414 1401 454 1436 V.
502 1400 698 1447 Aphraatis
717 1401 885 1438 doctrina
904 1402 949 1437 de
970 1401 1051 1437 fidei
1072 1405 1109 1437 et
1126 1401 1304 1438 bonorum
1324 1409 1475 1446 operum

555 1461 779 1498 necessitate
794 1461 838 1497 ad
855 1462 1155 1508 justificationem
1198 1489 1471 1498 .....
1528 1462 1594 1497 26¹

414 1521 476 1557 VI.
508 1520 707 1567 Aphraatis
727 1522 894 1558 doctrina
910 1522 954 1558 de
972 1522 1161 1568 Baptismo
1197 1548 1472 1559 .....
1527 1521 1598 1557 266

412 1582 489 1618 VII.
510 1582 706 1628 Aphraatis
725 1583 893 1620 doctrIna
914 1583 958 1620 de
979 1583 1175 1629 prcesentia
1194 1582 1283 1619 reali
1303 1586 1335 1619 et
1353 1582 1398 1618 de
1415 1591 1471 1618 sa-

561 1643 699 1681 crificio
719 1653 822 1680 novae
842 1644 935 1691 legis
997 1671 1470 1681 ........
1526 1643 1597 1679 269

397 1705 492 1741 VIII.
506 1704 707 1750 Aphraatis
723 1705 889 1741 doctrina
905 1705 949 1741 de
965 1704 1198 1741 confessione
1218 1703 1473 1740 sacramentali
1526 1703 1598 1739 275

404 1767 420 1812 ἓ
448 1766 484 1803 2.
518 1767 566 1802 De
587 1765 733 1802 duobus
752 1766 950 1811 Aphraatis
970 1765 1159 1802 erroribus
1198 1793 1470 1802 .....
1526 1765 1597 1800 ἒ84

414 1827 441 1863 I.
502 1825 698 1871 Aphraatis
714 1826 894 1863 sententia
915 1826 959 1862 de
978 1826 1047 1862 fine
1063 1825 1187 1862 mundi
1194 1853 1468 1861 .....
1525 1825 1596 1860 284

414 1886 457 1922 ΙΙ.
502 1885 699 1931 Aphraatis
716 1886 883 1922 doctrina
901 1886 946 1922 de
974 1886 1092 1921 anima
1115 1886 1271 1921 humana
1327 1914 1334 1920 .
1396 1913 1402 1919 .
1461 1913 1468 1919 .
1524 1884 1596 1920 295

137 1949 343 1984 Anricuixs
369 1948 430 1984 III.
449 1968 493 1973 —
511 1948 561 1984 De
577 1947 760 1993 Apiiraate
780 1947 818 1986 S,
843 1947 1041 1993 Scripturae
1066 1947 1263 1993 interprete
1324 1975 1331 1982 .
1391 1974 1397 1981 .
1458 1975 1465 1982 .
1525 1947 1594 1982 515

699 2070 830 2098 PARS
850 2070 1051 2099 TERTIA.
1071 2085 1101 2090 —-
1120 2069 1392 2099 APPEme.

509 2158 662 2195 Homilia
684 2159 729 2197 de
749 2159 1005 2205 persecutione
1060 2188 1465 2196 .......

1524 2161 1592 2195 5710
