1737 2950
739 201 1036 243 ..252—

174 328 365 386 redeqit;
406 329 483 385 qui
508 335 604 372 erat
642 328 845 372 excelsus
881 327 1161 383 majestatem
1194 339 1324 370 suam
1359 324 1599 382 depressit,-

170 408 248 464 qui
273 406 503 450 habitabat
528 406 576 449 in
600 405 703 449 coelo
727 405 907 449 nullum
944 404 1100 449 habuit
1124 405 1266 449 Iocum
1290 404 1338 447 in
1361 415 1445 460 quo
1470 409 1605 460 eaput

172 480 438 536 reclinaret;
476 483 554 540 qui
578 483 695 527 Deus
731 489 829 527 erat
852 489 894 528 et
920 483 997 526 Dei
1027 483 1170 527 Filius
1203 483 1321 527 servi
1343 480 1606 526 similitudi-

173 573 272 605 nem
305 561 551 618 assumpsit
584 567 625 605 et
654 567 791 605 natus
825 566 890 604 est
926 572 982 604 ex
1022 561 1166 605 Maria
1207 559 1409 617 Viryine;
1449 558 1523 602 eui
1558 558 1606 601 in

174 638 458 683 tabernaculo
484 638 636 682 Patris
671 637 1019 682 ministrabatur
1054 637 1355 682 ministeriu-m
1383 635 1606 693 proestite-

174 722 281 759 runt
306 728 468 759 manus
494 714 739 759 hominum.
771 713 879 758 Haeo
914 713 1062 758 omnia
1099 727 1205 759 sane
1230 712 1286 759 de
1311 726 1400 759 uno
1425 710 1607 758 eodem-

174 804 261 851 que
303 790 507 849 subjecto
549 789 796 849 praedicant
836 803 938 850 quae
985 795 1091 835 sunt
1138 789 1217 835 Dei
1265 795 1308 836 et
1355 802 1456 849 quae
1503 792 1609 834 sunt

175 868 389 920 hominis,
421 881 565 928 neque
596 867 713 912 aliud
752 867 986 913 continere
1022 867 1233 913 videntur
1268 867 1356 913 nisi
1393 866 1607 912 disertam

175 945 409 1004 quamdam
438 944 743 1004 paraphrasim
769 944 1009 989 verborum
1035 943 1242 1003 Apostoli
1267 943 1318 1004 (1)
1349 960 1357 989 :
1389 944 1474 998 Qui
1507 956 1608 988 cum

174 1023 222 1066 in
247 1024 392 1077 forma
420 1023 496 1067 Dei
519 1029 649 1071 esset,
680 1035 766 1066 non
802 1022 1013 1080 rapinam
1049 1021 1301 1066 arbitratus
1335 1027 1401 1066 est
1436 1033 1529 1065 esse
1563 1033 1609 1065 se

174 1100 391 1157 (equalem
421 1100 523 1151 θείη
562 1100 640 1144 sed
669 1101 956 1156 semetipsum
979 1100 1248 1151 exinanivit,
1276 1096 1468 1158 formam
1491 1098 1610 1142 servi

175 1177 416 1233 accipiens,
458 1176 506 1219 iu
546 1175 890 1220 similitudinem
926 1175 1155 1219 homiuum
1189 1173 1341 1234 sactus
1375 1181 1416 1218 et
1454 1173 1610 1218 habitu

177 1254 384 1297 iuventus
422 1259 470 1296 ut
506 1252 644 1297 homo.
685 1252 950 1296 Humiliavz't
990 1252 1293 1308 semetipsum,
1332 1248 1486 1310 factus
1520 1249 1612 1294 obe—

177 1330 302 1375 diens
329 1342 468 1387 usque
492 1329 551 1373 ad
576 1336 776 1380 mortem,
807 1336 990 1374 mortem
1015 1336 1165 1373 autem
1190 1329 1354 1373 crucis.

246 1407 391 1461 Quare
433 1406 468 1451 si
516 1406 599 1451 ista
644 1406 888 1451 habeantur
932 1419 1023 1465 prae
1065 1405 1228 1457 oeulis,
1278 1419 1331 1450 ne
1380 1403 1611 1449 minimum

179 1482 361 1543 quidem
406 1496 487 1527 nos
531 1482 778 1527 morabitur
815 1481 935 1541 quod
979 1481 1082 1526 alibi
1135 1481 1299 1527 asserit
1340 1480 1607 1540 Aphraates‚

179 1561 319 1605 Deum
358 1559 400 1603 in
440 1558 622 1604 Christo
661 1558 877 1604 habitare.
908 1558 1096 1618 Mystiee
1133 1558 1345 1604 videlieet
1380 1570 1613 1617 exponens

179 1635 530 1696 promissionem
558 1635 801 1681 Salvatoris
827 1634 874 1694 (2)
906 1651 913 1680 :
949 1637 1025 1681 Ubi
1048 1637 1167 1680 enim
1191 1643 1296 1679 suut
1321 1635 1407 1681 duo
1431 1635 1500 1679 vel
1525 1641 1614 1679 tres

180 1714 432 1770 carissi-aqam
458 1714 504 1756 iu
529 1714 705 1756 nomine
740 1726 847 1766 vieo,
888 1713 947 1757 ibi
981 1726 1082 1756 sum
1108 1714 1154 1757 in
1179 1712 1319 1757 medio
1355 1725 1523 1764 eorum,
1556 1710 1615 1756 ita

182 1791 381 1850 loquitur
421 1788 467 1848 (a)
516 1806 523 1835 1
575 1809 595 1830 c<
630 1789 817 1845 Quando
859 1789 1035 1850 colligit
1079 1803 1127 1834 se
1172 1790 1305 1835 homo
1347 1789 1391 1834 in
1434 1789 1614 1834 nomine

182 1867 369 1920 Christi,
401 1867 608 1913 Christus
641 1866 807 1912 habitat
843 1867 885 1911 in
923 1880 994 1912 eo.
1024 1867 1144 1913 Deus
1180 1872 1327 1912 autem
1365 1865 1534 1911 habitat
1569 1865 1613 1910 in

182 1944 379 1991 Christo.
429 1944 499 1989 Fit
540 1944 678 2004 igitur
720 1944 854 1989 homo
897 1944 971 1989 ille
1014 1958 1150 1989 unum
1190 1943 1338 1989 tribus
1380 1947 1610 1995 constans,

184 2023 283 2081 ipso
314 2035 473 2080 nempe
509 2021 704 2069 homine,
737 2021 934 2072 Christo,
965 2021 1040 2080 qui
1069 2021 1111 2064 in
1139 2034 1191 2066 eo
1219 2019 1402 2073 habitat,
1430 2025 1474 2065 et
1499 2019 1612 2072 Deo,

183 2099 256 2157 qui
288 2104 356 2143 est
384 2097 424 2140 in
453 2097 651 2142 Christo.
686 2097 805 2141 Dixit
832 2097 950 2141 enim
989 2097 1207 2142 Dominus
1235 2102 1389 2142 noster
1412 2094 1461 2154 (4)
1493 2112 1501 2141 :
1533 2098 1616 2153 qu

183 2178 230 2219 iu
257 2177 406 2225 Patre,
444 2182 485 2219 et
522 2176 656 2219 Pater
680 2176 727 2219 iu
753 2188 820 2219 me
843 2183 935 2230 est;
964 2181 1008 2220 et
1033 2175 1139 2220 alibi
1165 2176 1214 2231 (5)
1251 2190 1260 2220 :
1296 2176 1382 2233 qu
1414 2181 1456 2220 et
1484 2175 1617 2219 Pater

185 2266 323 2297 unum
345 2265 527 2306 sumus;
557 2257 601 2296 et
627 2251 787 2296 iterum
807 2251 856 2308 (6)
883 2267 890 2294 ;
921 2253 1000 2296 Vos
1025 2253 1073 2296 iu
1096 2265 1179 2304 me,
1207 2258 1250 2296 et
1273 2264 1347 2309 eqo
1371 2252 1420 2296 in
1444 2251 1614 2296 vobis.»

229 2443 275 2481 (l)
304 2440 453 2482 Philipp.
477 2440 519 2479 ll,
538 2440 597 2471 6-8

230 2497 277 2535 (Ξ)
303 2497 399 2528 Matt.
419 2494 539 2532 xvnl,
558 2493 612 2525 20.

230 2564 277 2604 ⁴5)
304 2561 468 2604 Wright.‚
488 2570 522 2602 p.
549 2561 630 2600 qm
655 2567 730 2601 seq.

230 2619 276 2655 (4)
301 2618 403 2650 Joan.
423 2617 507 2654 xlv,
530 2618 581 2656 ¹0,
603 2619 654 2649 Η,

230 2673 279 2711 (5)
303 2673 406 2705 Joan.
425 2672 464 2711 Χ,
483 2672 537 2704 30.

231 2726 279 2766 (6)
302 2726 403 2759 Joan.
423 2726 507 2765 xlv,
526 2725 579 2758 20.
