1737 2950
777 218 1072 260 -292-

206 344 438 390 audiamus
475 343 581 389 illud
622 342 788 389 Christi
822 343 872 404 (t)
903 360 911 389 :
943 344 1034 389 Non
1065 350 1129 388 est
1166 350 1360 389 vestrum
1385 356 1512 390 nosse
1536 350 1641 390 tem·

203 436 313 481 pora
331 422 399 467 vel
424 428 661 475 momenta,
686 435 786 479 quse
812 422 947 466 Pater
968 422 1117 478 posuit
1141 421 1189 466 in
1214 434 1300 466 sua
1321 427 1553 480 potestate.
1585 421 1641 467 Et

208 500 293 546 hoc
315 504 484 545 tantum
503 498 713 545 videntur
731 498 844 544 velle
858 498 904 543 S.
924 496 1143 558 August„
1161 498 1201 543 in
1227 498 1640 553 Psalm.LXXXIX‚

206 591 247 621 v.
279 574 325 629 4,
357 575 493 628 Beda,
530 575 607 621 lib.
638 575 694 620 de
731 574 922 621 Ratione
958 581 1099 634 temp.
1140 588 1180 621 c.
1224 573 1300 631 65,
1339 574 1569 630 Pererius,
1599 574 1644 621 in

207 653 372 701 Genes.
397 667 437 700 c.
464 654 520 706 11,
543 668 586 698 v.
606 651 654 706 4,
676 653 834 698 Franc.
861 652 1040 705 Suarez,
1066 652 1125 696 111
1147 666 1193 712 p.
1215 651 1336 712 disp.
1355 651 1434 707 53,
1458 658 1571 699 sect.
1591 650 1639 708 4,

202 731 433 791 «Iosephus
468 730 657 783 Acosta,
698 730 775 776 lib.
818 730 832 774 1
868 728 924 775 de
957 730 1112 788 Temp.
1155 728 1394 775 novissim.
1434 743 1475 776 c.
1515 728 1562 782 2,
1599 735 1645 777 et

204 809 341 869 aliqui
379 808 479 862 alii,
519 808 594 868 qui
630 808 749 853 hunc
784 813 1044 868 computum
1084 820 1162 853 sex
1198 807 1387 853 millium
1425 821 1643 854 annorum

205 886 357 932 mundi
385 892 623 946 respuunt,
655 885 866 931 nimirum
898 885 937 931 si
968 884 1154 930 definite
1185 890 1229 930 et
1260 884 1453 945 praecise
1476 883 1643 930 intelli-

203 969 348 1024 gatur.
391 961 498 1008 lnde
533 962 650 1007 enim
688 967 977 1021 sequeretur,
1016 959 1078 1007 uti
1114 966 1237 1007 recte
1281 961 1365 1020 ipsi
1402 974 1643 1022 argumen-

202 1045 368 1092 tantur,
413 1053 496 1085 nos
531 1053 665 1098 posse
701 1038 820 1084 scire
853 1043 897 1084 et
933 1038 1132 1084 indicare
1168 1038 1360 1098 praecise
1401 1051 1565 1084 annum
1599 1043 1645 1084 et

202 1116 321 1163 diem
348 1115 754 1162 consummationis
781 1115 934 1161 mundi
972 1121 1015 1161 et
1052 1115 1239 1161 extremi
1260 1115 1438 1175 judicii,
1468 1116 1645 1163 scilicet

203 1193 320 1240 diem
343 1192 503 1252 judicii
543 1192 639 1239 fore
677 1206 792 1238 anno
831 1191 983 1237 mundi
1016 1191 1164 1252 primo
1190 1198 1296 1252 post
1323 1192 1472 1239 sexies
1499 1192 1642 1239 mille·

203 1270 393 1319 simum,
442 1269 632 1329 ejusque
679 1269 826 1330 primo
875 1269 948 1315 dic
958 1307 1054 1314 .....
1108 1269 1308 1329 ldipsum
1358 1275 1504 1316 autem
1554 1283 1641 1316 non

203 1349 427 1409 sequitur.
458 1347 494 1393 si
534 1347 652 1393 hunc
688 1361 922 1393 numerum
961 1361 1040 1392 sex
1079 1346 1265 1392 millium
1303 1361 1521 1393 annorum
1552 1361 1641 1394 non

203 1423 486 1470 arithmetice
533 1429 576 1469 ct
617 1424 838 1483 praecise,
886 1423 965 1469 sed
1009 1423 1287 1484 geometrice
1326 1429 1370 1470 et
1412 1423 1643 1470 moraliter

202 1500 421 1560 accipias,
461 1500 673 1546 nimirum
708 1501 794 1546 hoc
831 1513 966 1546 sensu
1006 1499 1126 1559 quod
1167 1500 1360 1546 mundus
1399 1499 1642 1547 duraturus

204 1577 263 1622 sit
304 1583 473 1622 tantum
518 1591 596 1623 sex
639 1577 918 1623 millenarios
962 1590 1199 1626 annorum,
1248 1590 1337 1622 non
1379 1576 1550 1636 plures,
1591 1590 1641 1623 ac

203 1653 393 1713 proinde
420 1667 508 1699 non
535 1660 837 1713 perventurus
859 1654 917 1699 sit
942 1654 994 1698 ad
1022 1653 1195 1713 septies
1221 1650 1531 1707 millesimum,
1561 1653 1641 1700 sed

204 1735 304 1775 ante
331 1743 431 1775 eum
459 1729 652 1776 desinet.
679 1730 745 1775 An
772 1736 918 1776 autem
942 1736 986 1776 et
1012 1736 1119 1790 quot
1145 1730 1264 1783 anni,
1290 1730 1358 1776 vel
1387 1729 1638 1790 simplices,

205 1807 272 1852 vel
317 1806 438 1858 deni,
483 1806 551 1852 vel
595 1807 727 1853 etiam
770 1807 968 1860 centeni,
1015 1811 1121 1866 post
1162 1807 1311 1853 sexies
1354 1806 1641 1852 millesimum

205 1882 339 1928 futuri
385 1883 477 1929 sint
523 1888 566 1929 et
613 1884 849 1929 excursuri
896 1897 1056 1930 versus
1105 1883 1277 1943 septies
1331 1882 1636 1937 millesimum,

206 1973 349 2019 usque
386 1959 438 2005 ad
479 1959 611 2005 finem
662 1960 833 2013 mundi,
863 1960 948 2006 hoc
985 1961 1262 2020 ignoramus.
1295 1958 1470 2006 Sufficit
1504 1973 1639 2006 nosse

206 2049 289 2082 nos
326 2036 496 2082 versari
539 2037 581 2081 in
625 2037 783 2083 ultimo
826 2037 1076 2083 millenario
1113 2051 1329 2083 annorum
1370 2036 1544 2089 mundi;
1584 2050 1638 2082 an

204 2113 312 2173 quid
339 2114 378 2160 ei
406 2114 662 2160 defuturum
690 2115 765 2168 sit,
795 2129 846 2160 an
878 2115 1236 2175 superfuturum,
1268 2128 1350 2160 nos
1377 2114 1500 2160 latet.
1527 2132 1550 2155 »
1580 2141 1637 2147 —

204 2189 341 2235 Vides
367 2190 548 2236 doctum
577 2191 869 2251 interpretem
897 2192 1030 2237 simul
1068 2198 1112 2237 et
1148 2205 1273 2237 suam
1300 2204 1509 2251 promere
1534 2203 1637 2236 sen-

203 2265 406 2319 tentiam,
448 2273 493 2312 et
526 2267 568 2312 id
606 2267 777 2319 conari,
809 2273 855 2313 ut
880 2268 1170 2314 difficultates
1209 2273 1343 2327 atque
1376 2272 1639 2327 argumenta

203 2355 304 2401 quae
328 2343 497 2402 opponi
525 2349 716 2402 possent
740 2349 995 2403 opportuna
1034 2343 1327 2389 distinctione
1353 2343 1520 2389 eludat.
1551 2342 1636 2399 Qui

202 2424 390 2464 conatus
417 2424 563 2464 utrum
591 2419 679 2478 ipsi
707 2426 749 2465 et
775 2420 949 2465 veritati
986 2420 1180 2465 feliciter
1205 2419 1399 2465 cesserit
1424 2419 1637 2480 indagare

206 2494 329 2540 nolo.

266 2571 470 2625 Interim,
500 2577 548 2617 ut
583 2585 637 2618 eo
675 2572 851 2619 tandem
890 2573 1121 2619 veniamus
1153 2587 1242 2632 quo
1267 2573 1322 2618 ab
1352 2572 1479 2618 initio
1505 2571 1636 2631 hujus

247 2741 291 2777 at)
318 2739 471 2771 Acutum
493 2739 617 2778 Apust.
639 2740 664 2779 Ι,
685 2741 714 2771 7.

1721 2926 1728 2930 ι
1721 2889 1726 2895 ·
1711 2447 1737 2872 ἰ’ῗιξέῑτωξξςέρ-κῑθωη,
1731 2412 1734 2414 .
