1737 2950
657 171 926 213 -71.-

79 299 274 360 Syriacae
318 298 498 343 Patrum
546 310 739 357 quorum
786 309 924 356 opera
970 295 1025 341 ad
1073 309 1157 342 nos
1208 296 1521 356 pervenerint;

80 376 200 423 unde
234 374 382 436 primo
418 374 569 421 statim
607 373 772 420 intuitu
810 379 933 434 patet
980 379 1149 435 quanto
1184 373 1229 419 in
1266 372 1414 434 pretio
1452 374 1527 419 ha-

81 453 227 501 benda
267 452 361 499 sint
400 451 499 512 ejus
537 451 726 512 scripta,
766 451 888 512 quod
925 450 1086 497 attinet
1121 449 1176 496 ad
1213 450 1524 510 cognitionem

80 530 300 578 doctrinae
340 536 385 576 et
425 528 682 589 disciplinae
720 541 821 589 quae
862 527 967 575 inde
1006 527 1100 574 sere
1140 528 1195 574 ab
1239 526 1368 573 initio
1412 527 1530 574 inter

81 606 365 654 Christianos
391 606 534 668 Syriae
560 611 756 666 receptae
777 604 961 651 fuerint.
990 604 1176 652 Veritati
1203 609 1351 651 autem
1386 603 1527 651 histo·

81 684 188 731 ricae
225 697 471 730 consonam
510 696 615 729 esse
654 682 775 728 illam
811 681 868 728 de
903 680 1147 742 Aphraatis
1171 687 1396 728 vetustate
1420 694 1528 727 con-

82 761 335 809 clusionem
361 760 481 808 facili
508 760 692 822 negotio
715 759 971 806 conficitur.

149 839 249 884 Non
275 843 346 885 est
370 851 452 885 cur
475 837 531 884 de
557 837 614 883 iis
650 836 913 883 auctoribus
945 835 1220 882 mentionem
1251 835 1326 882 hic
1351 835 1528 897 ingera-

83 930 201 970 mus,
247 915 324 976 qui
371 915 553 961 Sacram
601 914 881 974 Scripturam
923 913 1162 974 utriusque
1209 912 1396 960 foederis
1437 913 1529 972 jam

82 997 287 1053 tempore
327 991 453 1038 Adaei
494 990 703 1052 Apostoli
746 990 922 1052 syriace
958 990 1152 1036 vertisse
1192 989 1406 1036 dicuntur
1453 989 1526 1051 (1),

82 1084 185 1117 cum
227 1069 399 1116 nullum
442 1069 513 1115 sui
556 1068 729 1130 ingenii
762 1067 918 1114 foetum
958 1067 1034 1113 isti
1075 1066 1320 1114 ediderint.
1356 1067 1451 1114 Nec
1485 1067 1530 1112 in

83 1147 466 1208 computationem
503 1146 626 1193 venit
662 1144 961 1199 Bardesanes‚
991 1150 1126 1204 poeta
1162 1144 1331 1191 saeculo
1360 1144 1399 1188 11
1439 1144 1531 1190 vol-

83 1231 215 1272 vente
259 1226 303 1270 in
345 1224 675 1285 Mesopotamia
716 1223 917 1270 famosus
952 1229 996 1269 et
1037 1222 1212 1283 primus
1254 1221 1531 1281 scriptorum

86 1302 301 1362 Syrorum
327 1316 518 1363 quorum
544 1308 652 1348 aetas
678 1306 803 1348 certo
824 1300 1003 1347 definiri
1023 1299 1172 1360 possit
1195 1315 1203 1346 :
1230 1303 1530 1359 praeterquam

86 1378 205 1425 enim
240 1378 380 1439 quod,
411 1377 731 1425 Gnosticorum
767 1390 947 1424 errores
985 1376 1236 1437 amplexus,
1264 1389 1343 1422 eos
1374 1374 1532 1421 carmi-

86 1454 220 1501 nibus
247 1455 343 1501 suis
369 1454 561 1501 effutivit
586 1468 637 1500 ac
661 1453 855 1514 proinde
880 1453 1003 1500 omni
1039 1466 1230 1513 prorsus
1267 1450 1534 1498 auctoritate

86 1546 240 1579 carere
266 1532 488 1578 dicendus
514 1537 601 1586 est,
631 1532 804 1578 nullum
836 1544 1025 1591 operum
1059 1530 1206 1591 ipsius
1233 1530 1532 1590 fragmentum

88 1609 132 1654 in
178 1615 301 1655 textu
345 1606 621 1669 primigenio
664 1621 910 1668 superesse
951 1607 1150 1653 videtur.
1197 1606 1340 1652 Misso
1383 1605 1534 1665 itaque

88 1685 360 1739 Bardesane‚
391 1685 435 1730 in
462 1685 768 1732 Aramaeorum
793 1684 983 1731 historia
1009 1683 1227 1730 litteraria
1247 1688 1349 1729 ante
1375 1695 1534 1729 omncs

88 1763 202 1810 alios
229 1763 361 1809 nobis
387 1769 632 1809 occurrunt
658 1762 706 1822 (a)
734 1762 780 1809 S.
823 1762 1008 1808 Simeon
1036 1760 1281 1814 Barsaboe,
1316 1759 1536 1807 Seleuciae

89 1848 134 1888 et
172 1839 484 1899 Ctesiphontis
520 1839 797 1898 Episcopus,
833 1844 878 1884 et
913 1838 960 1883 S.
992 1837 1214 1890 Milleses,
1244 1837 1373 1883 Susae
1407 1836 1536 1883 Anti-

91 1924 204 1971 stes‚
250 1916 326 1977 qui
368 1916 501 1962 fidem
537 1916 668 1961 ambo
711 1914 934 1976 sanguine
969 1914 1271 1975 obsignarunt
1305 1913 1349 1960 in
1379 1928 1537 1975 perse-

91 1993 274 2040 cutione
325 1992 535 2052 Saporis;
583 1991 663 2038 sed
712 2005 814 2037 cum
857 1990 984 2051 prior
1030 1992 1272 2049 Epistolas,
1316 1992 1539 2050 Epistolas

92 2071 205 2117 alter
240 2075 286 2116 et
321 2070 550 2115 Sermones
584 2066 903 2127 composuisse
938 2066 993 2113 ab
1025 2066 1287 2113 Ebed-Jesu
1313 2064 1361 2129 (3)
1385 2067 1539 2128 perhi-

95 2147 276 2200 beatur,
320 2150 487 2206 praeter
529 2144 757 2190 Simeonis
797 2145 1024 2205 Hymnum
1063 2143 1118 2190 ab
1153 2143 1390 2191 Overbeck
1425 2158 1542 2191 anno

96 2221 222 2270 1865
254 2222 424 2269 editum
451 2220 518 2282 (4),
548 2220 698 2267 omnia
731 2234 886 2267 eorum
926 2220 1098 2281 scripta
1124 2226 1198 2267 aut
1235 2221 1397 2281 injuria
1428 2228 1540 2269 tem·

96 2314 256 2361 porum
307 2298 502 2360 periere,
548 2302 624 2344 aut
673 2297 842 2344 nemini
881 2297 1119 2345 innotuere
1165 2297 1329 2345 adhuc.
1377 2298 1542 2346 Eadem

141 2477 189 2517 (1)
214 2475 284 2510 cfr.
306 2474 499 2516 Abbeloos‚
518 2475 572 2509 De
589 2474 668 2509 vita
687 2473 882 2515 exscriptis
898 2474 937 2508 S.
957 2472 1081 2509 Jacobz'
1096 2473 1326 2516 suranensis,
1343 2482 1379 2517 p.
1405 2475 1424 2506 ’1
1443 2481 1543 2516 squ.

144 2532 191 2574 (ε)
216 2531 358 2566 Videsis
376 2533 412 2565 Β.
432 2533 471 2566 0.
493 2532 519 2572 ι,
539 2540 600 2574 pp.
621 2531 710 2564 1-24.

144 2589 194 2629 (5)
220 2588 258 2621 ln
278 2586 446 2630 Cataloqo
463 2590 681 2628 scriptorum
697 2585 884 2628 Syrorum.

144 2644 192 2684 (4)
219 2643 256 2678 8.
278 2641 468 2683 Ephroemz'
484 2641 581 2684 Syri,
601 2640 770 2682 Ηαῠιιῑιε,
789 2640 958 2683 Episcopi
977 2640 1161 2680 Messeni,
1191 2640 1302 2675 Baloei
1325 2639 1549 2682 aliorumque

101 2705 207 2739 opera
224 2699 372 2738 selant,-
391 2696 534 2738 oxonii,
551 2697 651 2730 9865.
670 2695 739 2731 Csr.
757 2704 836 2740 pag.
856 2696 933 2730 ⁴24.
