1737 2950
763 206 1056 249 -156—

194 339 339 379 exstet
364 333 418 378 de
458 332 847 379 lucubrationibus
883 332 980 391 ejus
1017 332 1334 378 documentum
1371 333 1628 379 continetur

195 411 237 454 in
265 411 393 455 Libro
415 423 615 468 precum,
646 422 776 469 quem
804 409 971 455 saeculo
996 409 1034 453 X
1061 408 1310 469 Gregorius
1335 409 1627 456 Nariekensis

195 486 480 533 concinnavit
503 485 569 547 (ι).
612 505 634 527 «
666 486 846 539 Libros,
886 485 947 531 ait
982 485 1248 546 Gregorius,
1290 486 1457 532 mundo
1495 486 1629 533 utiles

196 578 247 609 ac
271 563 491 609 salutares
517 562 704 623 scripsit
734 561 794 624 (S.
824 559 1057 625 Jacobus);
1098 562 1233 608 rebus
1271 564 1487 623 praeclare
1518 563 1630 610 defi-

200 640 306 685 nitis
348 645 392 685 et
433 639 486 685 ad
523 639 711 686 rationis
747 652 935 685 examen
971 638 1158 693 exactis,
1201 639 1520 686 maledicorum
1555 654 1632 687 ora

198 717 441 771 obstruxit,
480 723 525 763 ct
567 717 821 763 haereticam
861 723 1030 762 sectam
1073 717 1387 763 obmutescere
1429 717 1552 772 fecit,
1589 723 1634 764 et

200 794 468 840 indelebiles
507 795 686 854 regulas
723 800 940 854 perpetuo
977 793 1211 839 stabilivit.
1246 813 1268 835 n
1307 795 1370 840 Ex
1411 794 1633 854 ejusmodi

199 877 343 917 autem
380 871 642 917 testimonio
680 871 808 925 niliil,
849 871 911 916 uti
949 876 1095 931 patet,
1137 871 1284 931 quoad
1322 885 1415 917 rem
1451 871 1508 918 de
1547 886 1635 933 qua

201 962 319 994 nunc
359 949 604 1008 quaerimus
647 962 805 994 eruere
850 948 971 994 licet.
1017 948 1073 994 At
1115 948 1326 1008 quoniam
1369 948 1537 995 saeculo
1579 948 1631 1003 V,

201 1039 332 1071 aurea
358 1026 605 1072 litterarum
641 1025 1007 1072 Armeniaearum
1042 1032 1188 1082 aetate,
1215 1027 1269 1072 ab
1296 1027 1448 1073 lsaaco
1476 1028 1637 1088 Magno

202 1108 245 1147 et
288 1103 496 1162 Mcsrope
532 1103 724 1162 juvenes
767 1103 932 1149 eximio
972 1102 1154 1162 ingenio
1197 1103 1375 1162 praediti
1418 1117 1554 1163 quum
1594 1103 1637 1148 in

204 1181 463 1229 Graecorum
507 1183 762 1243 imperium,
809 1190 900 1228 tum
947 1183 990 1228 in
1034 1183 1207 1243 Syriam
1256 1182 1383 1229 missi
1425 1187 1546 1235 sunt,
1593 1189 1641 1228 ut

205 1259 419 1304 litteraria
446 1260 620 1304 illarum
645 1259 847 1319 gentium
875 1264 1161 1305 monumenta
1190 1258 1481 1305 addiscerent
1508 1263 1640 1318 atque

207 1337 249 1383 in
277 1337 562 1397 popularium
598 1353 728 1384 usum
768 1338 1188 1396 interpretarentur,
1219 1336 1403 1382 dubium
1441 1350 1544 1382 esse
1569 1335 1641 1382 vix

207 1421 375 1475 potest,
407 1429 456 1460 ea
493 1421 779 1474 tempestate,
809 1414 928 1460 sicut
964 1414 1100 1459 multa
1141 1427 1277 1473 opera
1310 1413 1554 1473 prraemi‚
1584 1413 1643 1458 ita

208 1492 340 1539 etiam
369 1492 595 1551 Sapientis
622 1493 773 1538 Persae
798 1492 1014 1537 Homilias
1048 1490 1313 1536 Armeniaca
1336 1490 1516 1536 civitate¹
1541 1503 1644 1536 esse

209 1570 398 1615 donatas
440 1572 506 1627 (a).
553 1570 609 1615 Ut
648 1570 766 1615 enim
810 1575 996 1621 taceam,
1045 1568 1178 1612 hasce
1218 1568 1434 1612 Homilias
1476 1566 1580 1613 inde
1621 1581 1646 1612 a

210 1646 378 1693 saeculo
403 1646 457 1690 Vl
485 1646 787 1704 scriptoribus
826 1644 1023 1704 Syriacis
1049 1643 1121 1689 vix
1140 1644 1231 1703 jam
1258 1649 1387 1690 notas
1413 1643 1572 1698 fuisse,
1601 1650 1646 1690 et

210 1729 332 1768 certe
375 1722 656 1775 auctoritate,
711 1723 769 1768 ita
812 1728 859 1767 ut
906 1735 981 1766 eas
1030 1726 1204 1766 vertere
1253 1734 1403 1780 operae
1450 1720 1646 1780 pretium

210 1799 351 1845 videri
378 1799 617 1859 potuisset,
657 1798 841 1844 omnino
879 1797 1099 1849 caruisse,
1141 1796 1301 1856 peritia
1336 1796 1503 1857 linguae
1539 1796 1647 1842 Ara-

213 1892 351 1929 mum,
383 1876 563 1922 minime
590 1875 806 1935 vulgaris,
837 1888 968 1934 quam
995 1888 1088 1932 prae
1114 1887 1162 1918 se
1190 1873 1274 1918 fert
1303 1873 1563 1927 translator,
1592 1873 1647 1918 ad
1686 1930 1698 1934 -

214 1959 414 2012 tempora
443 1952 513 1996 illa
541 1952 723 2011 antiqua
755 1964 837 1995 nos
875 1950 1054 2009 delegat
1078 1949 1243 2008 quibus
1268 1948 1367 1994 duae
1394 1948 1481 1994 illae
1507 1948 1649 1994 natio-

215 2044 294 2075 nes
322 2029 690 2089 frequentissimo
727 2027 1000 2074 commercio
1040 2026 1195 2071 intime
1220 2025 1473 2084 conjunctae
1502 2029 1646 2071 erant.

215 2106 359 2159 Adde,
383 2107 506 2165 juxta
539 2105 738 2151 Sassium
767 2103 831 2165 (3),
863 2104 905 2148 in
941 2103 1150 2149 versione
1178 2101 1442 2147 Armeniaca
1484 2101 1651 2147 formas

218 2184 455 2229 nonnullas
481 2182 842 2243 grammaticales
880 2181 1046 2241 linguae
1082 2179 1405 2226 vetustissima}
1442 2178 1652 2239 proprias

219 2260 424 2319 reperiri,
465 2259 610 2319 qualis
654 2265 722 2305 est
763 2257 1079 2317 conjunctivus
1122 2255 1341 2316 temporis
1378 2255 1649 2315 imperfecti,
1715 2302 1718 2306 ,

219 2337 293 2397 qui
321 2338 452 2383 etiam
478 2337 594 2397 apud
622 2338 833 2382 Faustum
860 2336 1168 2396 Byzantinum,
1198 2340 1427 2380 auctorem
1463 2337 1654 2379 exeunte

264 2513 311 2550 (t)
336 2513 398 2552 Ap.
418 2508 661 2548 Antonellum‚
680 2517 737 2549 op.
759 2509 834 2545 cit..
854 2507 952 2550 prael'.
974 2516 1033 2549 pp.
1053 2508 1090 2539 41
1111 2510 1147 2540 et
1166 2506 1217 2540 42.

262 2565 310 2602 (Ξ)
336 2564 404 2597 Csr.
425 2563 581 2604 Sassius‚
600 2563 763 2606 Proleqq.
782 2563 818 2596 in
839 2561 1038 2602 Aphraatz's
1054 2569 1234 2595 sermones
1246 2561 1420 2601 homilet,
1435 2569 1470 2603 p.
1483 2560 1526 2594 24
1539 2568 1657 2602 seqq„

224 2620 282 2653 ubi
303 2620 403 2662 plura
435 2623 542 2661 atque
567 2618 727 2653 doctiora
754 2618 797 2651 de
829 2616 1078 2651 translationis
1106 2615 1324 2650 Armeniacae
1348 2618 1453 2649 aetate
1476 2617 1512 2648 et
1540 2612 1660 2648 indole

224 2673 512 2716 suppeditantur.

267 2731 314 2767 (3)
339 2729 403 2766 On,
423 2732 454 2760 et
474 2730 524 2760 loc
556 2729 630 2761 cili.
