1737 2950
674 197 971 240 ..235-

100 334 281 388 tempus
306 330 484 387 spectat
509 324 766 372 existentiae
784 329 920 386 atque
939 321 1349 370 consummationis
1371 320 1544 374 mundi,

100 404 179 466 qui
207 423 229 446 «
255 404 376 450 sicut
402 403 518 449 intra
543 417 622 450 sex
649 402 750 450 dies
776 417 799 448 a
825 403 918 449 Deo
943 406 1125 448 creatus
1151 399 1252 454 suit,
1278 399 1354 454 ita,
1379 398 1550 460 elapsis

102 495 182 529 sex
207 494 428 527 annorum
455 480 677 530 millibus.
709 479 844 526 finem
871 477 1108 524 habiturus
1131 476 1192 523 sit
1214 474 1283 539 (t).
1312 495 1334 517 ›>

167 557 235 604 Ad
278 558 395 604 hanc
437 571 563 604 suam
607 556 871 617 opinionem
916 553 1199 607 firmandam,
1245 566 1334 599 non
1379 557 1550 598 tantum

103 636 270 697 allegat
327 633 583 696 Aphraates
640 632 1028 695 comparationem
1085 645 1185 678 cum
1243 636 1448 692 tempore
1496 629 1550 676 ad

105 713 259 760 mundi
303 713 589 760 effectionem
631 712 889 772 insumpto,
934 724 1090 757 verum
1133 709 1268 756 etiam
1311 708 1551 755 doctorum

104 791 382 838 anteriorum
420 790 737 837 auctoritatem
775 795 820 835 et
855 789 984 849 plura
1023 787 1068 833 S.
1114 786 1363 847 Scripturae
1402 785 1549 839 effata,

106 883 207 931 quae
233 883 256 915 a
279 882 386 915 vera
423 874 469 914 et
505 867 637 914 obvia
671 865 1010 928 significatione
1047 864 1161 911 miro
1197 863 1392 926 quodam
1419 862 1555 910 modo

106 948 367 1008 detorquet.
400 947 510 1003 Quae
547 960 598 993 ea
635 945 692 992 de
730 960 777 992 re
814 944 990 1006 profert
1027 949 1133 990 sunt
1170 942 1428 1003 hujusmodi
1461 942 1511 1005 (a)
1541 958 1549 987 :

109 1025 277 1079 «Noli,
307 1024 565 1078 carissime,
607 1024 682 1070 illa
722 1023 930 1070 doctrina
967 1021 1153 1077 offendi,
1180 1036 1313 1083 quam
1339 1020 1422 1067 tibi
1449 1034 1552 1082 pro-

107 1102 260 1163 posui,
291 1102 434 1148 Deum
471 1115 634 1162 nempe
671 1115 755 1162 per
791 1100 1025 1146 dimidiam
1064 1099 1155 1146 diei
1192 1104 1366 1160 partem
1394 1098 1554 1145 Hiero-

108 1179 296 1240 solymae
322 1179 608 1239 pepercisse.
640 1177 715 1224 Sic
752 1177 871 1225 enim
909 1176 1100 1237 scripsit
1134 1175 1274 1222 David
1311 1175 1354 1220 in
1382 1175 1557 1236 psalmo

109 1256 409 1317 nonagesimo
435 1255 483 1318 (3)
514 1272 521 1300 :
552 1256 676 1301 Mille
699 1257 811 1301 anni
836 1262 942 1301 ante
965 1255 1114 1300 oeulos
1139 1254 1316 1299 Domini
1341 1261 1558 1312 tanquam

109 1336 205 1382 dies
229 1336 457 1388 hesterna,
486 1348 586 1393 quae
606 1335 849 1393 prceterz'it.
879 1332 1079 1378 Tradunt
1115 1333 1303 1392 insuper
1328 1331 1559 1392 sapientes

110 1412 327 1459 doctores
366 1412 511 1458 nostri
539 1411 773 1464 mundum,
803 1409 1185 1471 quemadmodum
1212 1410 1328 1456 intra
1355 1423 1434 1456 sex
1460 1408 1559 1454 dies

110 1504 135 1536 a
160 1491 255 1536 Deo
280 1495 461 1536 creatus
499 1489 599 1539 fuit.
643 1489 720 1541 ita,
751 1488 921 1548 elapsis
959 1501 1037 1534 sex
1078 1501 1296 1533 annorum
1337 1486 1555 1537 millibus.

111 1567 248 1614 finem
274 1566 548 1618 habiturum,
580 1566 871 1626 futurumque
907 1572 1014 1612 tunc
1052 1565 1130 1612 Dei
1168 1565 1403 1611 sabbatum
1437 1564 1560 1610 illius

112 1643 287 1692 sabbati
315 1643 460 1690 instar
486 1642 608 1704 quod
635 1657 714 1689 sex
750 1643 848 1689 dies
875 1642 1122 1689 creationis
1148 1642 1344 1702 excepit.
1377 1641 1559 1687 Sabbati

113 1722 247 1769 istius
274 1722 552 1768 mentionem
579 1721 704 1774 fecit,
727 1721 930 1781 illudque
952 1721 1086 1767 nobis
1113 1720 1329 1767 indicavit
1357 1720 1563 1766 Salvator

112 1806 286 1852 noster,
315 1799 476 1845 dicens
502 1797 550 1861 (4)
581 1815 588 1843 :
623 1800 758 1844 Orate
793 1812 848 1844 ne
883 1798 966 1855 siat
1002 1797 1116 1859 fuya
1148 1805 1298 1843 vestra
1335 1798 1382 1842 in
1418 1797 1562 1842 hieme

113 1878 182 1923 vel
206 1878 402 1923 sabbato.
434 1875 686 1936 Apostolus
712 1875 819 1921 item
847 1882 1000 1922 monet
1020 1874 1067 1937 (5)
1092 1891 1100 1920 :
1126 1877 1210 1922 Nos
1237 1882 1387 1921 manet
1413 1874 1562 1919 adhue

113 1956 348 2001 sabbatum
378 1955 470 2000 Dei.
500 1955 691 2000 Strenue
726 1954 869 2011 iqitur
899 1954 1222 1999 contendamus
1245 1953 1479 2011 pervenire
1503 1950 1562 1997 ad

116 2034 315 2091 requiem
340 2029 455 2093 ejus.
486 2050 508 2072 »

183 2110 318 2156 Istam
356 2108 600 2169 Aphraatis
637 2108 928 2159 sententiam,
958 2122 1110 2168 quam,
1141 2108 1300 2154 saltem
1339 2107 1377 2153 si
1404 2106 1562 2152 stricte

116 2186 399 2247 accipiantur
434 2199 513 2231 sex
550 2185 689 2231 millia
725 2199 962 2238 annorum,
994 2199 1126 2231 nemo
1152 2184 1304 2231 forsan
1338 2184 1562 2243 interpre-

118 2271 212 2311 tum
238 2270 312 2311 aut
339 2263 655 2324 theologorum
682 2263 799 2309 tueri
828 2263 964 2310 hodie
989 2268 1305 2323 praesumeret,
1331 2262 1420 2308 imo
1441 2275 1559 2322 quae,

165 2454 213 2494 (¹)
239 2451 307 2487 Cir.
326 2451 492 2496 Wright.‚
511 2460 545 2494 p¹
573 2440 667 2480 εει-δ
695 2465 703 2474 ·

165 2530 212 2571 (Ξ)
237 2529 342 2571 ibid„
360 2539 420 2573 pp.
447 2520 543 2559 σὼ
565 2534 600 2564 et
622 2520 714 2574 1-3..
742 2546 751 2555 -
779 2525 922 2569 Syriaca
940 2524 1128 2568 aphraatis
1156 2524 1263 2560 verba
1285 2522 1460 2567 Georgius
1478 2530 1562 2566 gen-

123 2586 212 2621 tium
229 2585 395 2627 Epistotae
411 2593 486 2619 suae
504 2584 669 2625 inseruit,
686 2592 783 2626 sup..
802 2590 882 2625 pag.
902 2581 957 2616 36.

165 2643 215 2684 (ὅ)
239 2642 279 2674 ln
298 2639 465 2684 Vulqata‚
486 2639 547 2673 Ps.
569 2639 738 2677 mxxix,
755 2638 789 2670 4.

167 2697 217 2737 (4)
242 2697 340 2730 uati.
358 2695 470 2736 xxm,
489 2695 542 2728 ιο.

169 2753 216 2791 (5)
243 2751 347 2784 Rebr.
368 2750 420 2789 lV,
439 2750 471 2788 9,
494 2750 544 2782 Η.
