1737 2950
672 173 945 216 -53-

86 315 231 363 usque
271 301 325 348 ad
365 300 541 348 initium
586 315 689 348 aerae
733 299 994 348 Graecorum
1038 306 1142 346 sunt
1192 298 1340 355 4901;
1388 308 1432 348 et
1473 303 1527 348 ab

53 377 256 426 -Adamo
298 392 443 440 usque
485 378 539 424 ad
579 392 743 424 annum
786 378 905 424 hunc
948 375 1075 424 1025
1120 378 1379 425 Graecorum
1424 387 1529 426 sunt

86 455 189 503 anni
216 454 362 511 5926,
394 456 451 502 ita
478 462 525 502 ut
549 455 602 502 ad
630 469 709 503 sex
733 469 952 502 annorum
990 455 1129 502 millia
1167 455 1227 502 74
1266 457 1369 503 anni
1407 457 1528 505 desi-

87 533 318 581 derentur.

154 610 374 669 Quaesivit
399 610 587 672 insuper
607 611 884 658 Fraternitas
910 617 1002 667 tua,
1026 625 1166 672 quare
1193 626 1280 659 non
1308 614 1534 660 monuerit

89 687 302 734 Noachus
337 693 593 734 coaetaneos
631 701 740 734 suos
779 701 833 734 ne
866 687 1156 735 simulacrum
1201 689 1426 748 Cainanis‚
1455 690 1534 735 filii

89 765 321 826 Arphaxar
346 763 414 828 (t),
444 769 793 819 venerarentur;
819 779 958 826 quare
985 765 1145 812 Semus
1170 766 1303 813 etiam
1328 767 1536 814 homines

89 842 400 904 generationis
444 857 538 889 suae
583 842 638 889 ab
684 842 819 889 idolis
862 841 1068 889 colendis
1114 856 1203 890 non
1247 843 1536 890 deterruerit.

93 920 221 977 Quod
262 920 402 982 igitur
439 920 598 967 attinet
641 920 693 966 ad
732 919 840 966 illud
885 920 1144 981 quaesitum,
1187 926 1233 967 ut
1270 935 1416 982 neque
1455 922 1540 968 hoc

91 996 263 1057 absque
307 1011 532 1057 responso
575 997 875 1058 relinquatur,
912 997 1070 1057 paucis
1102 998 1142 1044 ei
1187 998 1537 1058 respondemuS‚

93 1076 153 1123 ita
194 1076 298 1123 illos
341 1077 495 1138 egisse
537 1083 724 1138 propter
766 1077 1019 1124 libertatem
1061 1084 1104 1124 et
1146 1078 1381 1125 arbitrium
1420 1078 1542 1139 quod

94 1155 215 1202 Deus
240 1155 522 1217 generationi
550 1155 632 1209 illi,
660 1155 777 1202 sicut
799 1160 842 1202 et
867 1155 1024 1217 generi
1052 1156 1264 1211 humano,
1288 1156 1537 1210 concessit,

94 1237 139 1279 et
163 1246 244 1293 per
264 1232 385 1294 quod
407 1232 559 1286 homo,
586 1238 720 1292 prout
745 1232 857 1287 vult,
872 1232 942 1278 vel
964 1237 1139 1292 peccat,
1158 1232 1536 1292 veljustiticatur.

96 1310 159 1354 Ex
186 1309 268 1356 hac
294 1309 501 1356 libertate
527 1309 690 1355 factum
719 1314 830 1363 erat,
864 1314 911 1354 ut
938 1322 1083 1369 neque
1123 1309 1242 1355 intra
1281 1307 1373 1355 100
1401 1323 1544 1355 annos

97 1385 173 1447 qui
215 1386 433 1432 diluvium
476 1399 775 1446 praecessere,
805 1385 1030 1439 homines,
1062 1386 1267 1446 quamvis
1311 1386 1543 1432 Noachum

97 1462 261 1510 cedros
305 1463 608 1510 dissecantem
653 1467 1154 1524 coagmentantemque‚
1185 1469 1230 1510 et
1266 1477 1430 1517 arcam,
1460 1478 1547 1524 qua

99 1541 364 1595 salvaretur,
385 1541 704 1588 conficientem
723 1540 947 1595 viderent,
973 1541 1237 1601 poenitentia
1258 1546 1547 1587 moverentur

99 1624 143 1664 et
168 1632 191 1663 a
216 1618 339 1664 vitiis
372 1618 517 1664 aetatis
553 1618 675 1664 illius
710 1617 1063 1677 resipiscerent;
1095 1625 1154 1672 at,
1200 1624 1316 1664 teste
1356 1617 1548 1663 Domino

100 1701 277 1749 nostro,
306 1703 436 1741 erant
462 1697 736 1742 comedentes
757 1703 799 1741 et
825 1696 1037 1749 bibentes,
1066 1697 1283 1741 nubentes
1307 1702 1348 1741 et
1385 1697 1549 1753 nuptui

100 1772 345 1826 tradentes,
384 1773 520 1819 donec
556 1774 677 1818 venit
713 1773 938 1818 diluvium
974 1780 1016 1819 et
1051 1773 1249 1831 perdidit
1285 1786 1434 1818 omnes
1477 1775 1544 1831 (Ξ).

103 1850 327 1906 Similiter„
347 1857 451 1909 post
476 1850 694 1895 diluvium
731 1863 877 1910 neque
922 1849 1087 1895 Cainan
1114 1850 1207 1903 ille,
1241 1863 1373 1909 quem
1402 1849 1550 1894 ferunt

104 1927 429 1974 incantatorem
468 1926 688 1973 famosum
727 1941 777 1973 ac
815 1926 1018 1987 iniquum
1057 1926 1199 1973 fuisse
1232 1931 1276 1972 et
1310 1931 1551 1986 propterea

103 2003 378 2057 deificatum,
406 2018 552 2064 neque
579 2017 738 2050 omnes
766 2003 983 2050 coaetanei
1016 2003 1187 2050 Noachi
1213 2009 1255 2050 et
1282 2003 1420 2057 Semi,
1439 2002 1477 2048 si
1503 2002 1551 2058 (ai

103 2082 157 2128 ab
184 2082 254 2127 his
280 2081 497 2127 admoniti
526 2087 698 2135 essent,
730 2095 783 2127 eo
809 2080 1006 2127 fuissent
1033 2080 1216 2126 adducti
1244 2084 1291 2126 ut
1311 2094 1333 2126 a
1353 2078 1554 2140 peccatis

104 2163 353 2204 cessarent.

173 2235 450 2296 Quamquam
490 2235 606 2281 haud
647 2234 955 2296 spernendum
999 2234 1058 2281 sit
1084 2234 1205 2295 quod
1232 2232 1441 2286 traditur,
1474 2233 1551 2278 Sa-

109 2406 296 2451 Georgius,
328 2407 462 2442 idolum
503 2411 580 2441 erat
615 2406 884 2447 chaldaeorum,
913 2410 950 2440 ut
983 2411 1103 2440 narrat
1135 2407 1169 2439 S.
1207 2405 1416 2448 Ephraemus
1449 2404 1554 2447 (opp.

109 2467 196 2498 tom.
232 2464 260 2503 1,
295 2472 355 2506 pp.
389 2463 451 2496 156
481 2467 515 2496 et
549 2464 634 2503 157).
669 2462 768 2504 Quod
796 2462 894 2496 addit
925 2462 1112 2505 Georgius,
1147 2461 1268 2495 fictum
1302 2459 1388 2494 illud
1423 2467 1557 2492 numen

109 2517 325 2562 Arphaxaris
343 2516 456 2551 fllium
478 2517 602 2558 fuisse,
628 2526 669 2552 ex
695 2517 863 2552 versione
889 2519 968 2551 Lxx
996 2519 1248 2560 interpretum,
1275 2515 1402 2550 Genes.
1428 2515 1483 2554 xl.
1504 2514 1558 2554 ¹2,

110 2574 234 2618 utique
251 2574 505 2616 desumpserit.

155 2630 204 2671 (ἱ)
228 2632 326 2665 Mali..
349 2630 461 2668 XXIV,
479 2629 534 2662 58.

159 2699 208 2735 (3)
235 2700 302 2726 ...0
321 2687 365 2732 151
396 2687 440 2744 Q,
459 2695 609 2728 etiarnsi
636 2696 716 2729 Hace
735 2699 789 2729 est
809 2695 886 2737 ipsa
904 2694 1012 2729 dictio
1031 2697 1150 2729 Graeca
1171 2705 1177 2727 :
1211 2689 1237 2722 ti
1258 2681 1325 2732 ἆρα
1349 2682 1425 2722 καί.
