1737 2950
641 161 934 203 -135-

73 289 128 336 de
164 289 404 350 Aphraatis
440 290 528 334 vita
563 297 605 335 et
639 290 844 335 doctrina
883 290 967 334 late
1005 288 1207 339 disserit,
1249 303 1335 335 non
1375 290 1510 335 alium

72 366 169 425 ejus
196 365 357 411 librum
386 365 642 412 libellumve
669 366 755 412 nisi
789 372 881 411 tres
918 379 1054 424 supra
1092 366 1251 425 viginti
1291 368 1511 425 Epistulas

75 447 306 488 memorat.
340 442 386 486 ln
414 441 484 487 his
510 441 642 501 ipsis,
673 456 772 487 cuin
811 442 959 488 varios
996 448 1212 488 tractatus
1238 457 1261 487 a
1287 456 1337 488 se
1362 443 1511 490 editos

73 517 271 577 scriptor
311 518 568 577 saepissime
603 518 712 564 citet
748 524 792 563 et
828 518 881 563 ad
918 531 997 563 eos
1040 519 1256 564 lectorem
1295 520 1508 573 remittat,

73 594 162 639 imo
203 607 304 639 cum
342 593 505 639 alicubi
544 592 592 653 (ι)
629 594 827 639 omnium
866 593 958 640 fere
996 594 1294 639 Homiliarum
1330 609 1510 640 suarum

74 671 398 732 inscriptiones
436 685 486 717 ex
530 671 690 717 ordine
732 677 982 725 recenseat,
1013 671 1338 732 cujuscumque
1366 680 1512 720 tamen

73 749 227 809 operis
263 748 377 808 ejus,
420 754 585 808 praeter
622 763 670 794 ea
715 763 814 808 qua}
848 749 1195 799 nominavimus,
1225 763 1358 796 omne
1384 751 1514 797 deest

74 825 333 886 vestigium.
364 824 621 871 Occurrunt
646 825 828 885 quidem
866 831 1100 871 auctorum
1136 825 1395 872 testimonia
1430 827 1511 871 ali-

74 908 200 963 quot,
230 916 347 962 quae,
379 902 525 961 primo
557 902 714 947 saltem
741 907 944 961 aspectu,
977 900 1284 947 difficultatem
1310 903 1379 948 vel
1406 903 1511 948 obs-

73 979 308 1026 curitatem
334 992 487 1024 creare
515 979 718 1038 possint3
760 978 840 1024 sed
876 979 971 1024 hacc
996 978 1164 1031 omnia,
1194 978 1233 1023 si
1260 978 1514 1025 studiosius

75 1056 428 1116 perpendantur,
470 1069 669 1101 errorem
709 1055 943 1102 enuntiare
979 1062 1054 1101 aut
1091 1055 1304 1115 loquendi
1344 1056 1515 1101 ratione

76 1134 224 1179 minus
260 1140 467 1178 accurata
506 1146 694 1191 peccare
731 1133 957 1182 videntur,
984 1132 1188 1191 adeoque
1231 1132 1300 1177 vel
1328 1133 1511 1180 nullius„

75 1209 143 1254 vel
169 1208 409 1254 admodum
437 1209 586 1254 dubiae
612 1216 717 1254 sunt
743 1209 972 1254 efficaciae.

144 1285 206 1331 lta
256 1286 533 1334 Gennadius.
589 1285 826 1345 presbyter
876 1285 1194 1335 Massiliensis,
1250 1287 1352 1344 qui,
1402 1286 1518 1330 inter

74 1378 215 1409 annos
240 1362 336 1408 490
363 1370 406 1408 et
432 1361 544 1413 495,
576 1364 837 1420 Catalogmm
872 1363 925 1407 de
959 1365 1253 1420 scriptoribus
1283 1364 1514 1407 ecclesias-

75 1442 193 1492 ticis,
224 1440 278 1485 ab
319 1440 592 1498 Hieronymo
634 1439 894 1498 incoeptum.
940 1439 1108 1497 passim
1149 1439 1440 1498 locupletavit
1477 1446 1521 1484 et

76 1518 129 1563 ad
172 1531 302 1562 suum
346 1523 524 1575 tempus
569 1515 802 1575 produxit.
850 1515 1177 1560 enumerationi
1220 1516 1519 1560 Homiliarum

77 1594 304 1654 Sapientis
335 1594 503 1645 Persae,
535 1607 664 1652 quas,
695 1606 849 1638 errore
885 1598 994 1638 tunc
1025 1592 1252 1637 communi
1279 1593 1517 1652 deceptus,

74 1671 244 1717 Jacobo
283 1670 502 1715 Nisibcno
544 1669 718 1719 tribuit,
759 1668 996 1728 sequentia
1033 1669 1304 1728 subjungit:
1338 1688 1359 1709 «
1386 1669 1517 1714 Com-

78 1748 231 1808 posuit
255 1753 299 1793 et
325 1748 587 1799 Chronico&
626 1746 813 1791 minoris
851 1746 1033 1805 quidem
1072 1745 1331 1791 Grzecorum
1371 1747 1518 1791 curio-

79 1824 245 1876 sitatis,
276 1824 355 1869 sed
385 1823 567 1881 majoris
606 1823 795 1872 fiduciis,
835 1823 939 1882 quia
977 1822 1228 1867 divinarum
1265 1823 1498 1881 Scriptura

80 1915 174 1946 rum
227 1906 394 1945 tantum
444 1899 710 1944 auctoritate
759 1904 1088 1951 constructum,
1136 1898 1395 1958 comprimit
1444 1912 1521 1944 ora

80 1991 235 2023 eorum
262 1977 338 2036 qui
373 1982 733 2036 praesumptuosa
771 1975 1034 2035 suspicione
1071 1975 1126 2020 de
1165 1975 1357 2021 adventu
1395 1974 1523 2021 Anti·

80 2054 240 2100 christi
266 2054 313 2113 (2)
340 2054 409 2099 vel
438 2052 614 2098 Domini
654 2053 797 2098 nostri
836 2052 1027 2098 inaniter
1068 2052 1464 2112 philosophantur.
1501 2071 1522 2092 n

81 2158 140 2164 --
167 2132 223 2176 At
246 2131 348 2189 jure
391 2130 550 2176 merito
583 2129 838 2189 conjeceris
872 2130 1035 2175 librum
1076 2130 1200 2175 illum
1235 2129 1519 2182 chronicum,

81 2206 209 2266 cujus
237 2206 439 2252 meminit
465 2205 742 2259 Gennadius,
772 2206 883 2251 nihil
918 2205 1038 2251 aliud
1077 2218 1179 2251 esse
1216 2219 1347 2265 quam
1379 2207 1524 2251 Homi-

83 2285 190 2330 lz'am
215 2285 268 2330 de
292 2285 446 2337 acino;
478 2283 520 2327 in
549 2283 630 2328 hac
655 2283 773 2328 enim
811 2283 1061 2343 Aphraates
1098 2282 1274 2328 acinum
1311 2282 1521 2328 benedic-

85 2367 194 2407 tum.
242 2361 327 2406 hoc
370 2367 456 2411 est,
503 2359 679 2405 felicem
730 2359 847 2404 illam
891 2360 1080 2419 stirpem
1129 2374 1152 2405 e
1199 2373 1287 2419 qua
1334 2359 1526 2406 Messias

126 2536 174 2572 (ι)
200 2534 339 2567 Videsis
357 2533 461 2569 infra.
478 2535 537 2568 ubi
556 2535 600 2567 de
617 2534 798 2566 authentia
821 2533 1058 2574 Epistularum
1084 2535 1269 2578 aphraatis
1286 2534 1391 2568 nobis
1409 2541 1528 2567 sermo

87 2588 168 2621 erit.
187 2588 257 2622 Cfr.
276 2593 310 2621 et
327 2588 498 2631 Wright.,
519 2598 576 2631 pp,
605 2595 636 2633 ᾖ,
667 2588 796 2634 ᾣι
811 2596 897 2631 seqq
919 2597 1026 2641 ,pu
1055 2619 1062 2626 ,

129 2653 175 2693 (Ξ)
204 2653 298 2686 Lect.
320 2661 406 2686 van:
429 2653 578 2686 Christi.
