1737 2950
778 252 826 257 —
886 227 968 269 35:73
1027 252 1076 256 —-

202 354 390 409 Christi,
422 353 631 415 magistri
667 353 756 407 sui,
787 358 1074 414 presserunt,
1106 360 1149 400 et
1186 355 1321 400 etiam
1358 354 1541 415 quidam
1576 353 1649 400 alii

198 445 252 479 ex
276 431 514 492 Apostolis
551 430 731 477 veritati
769 429 1081 476 testimonium
1107 430 1436 490 perhibuerunt
1472 437 1516 476 et
1547 446 1649 490 per-

198 508 306 556 fecti
342 515 588 556 evaserunt
624 513 861 569 martyres.
895 508 1120 554 Praeterea
1156 521 1264 554 vero
1302 507 1516 553 fratribus
1544 522 1649 554 nos-

196 585 281 631 tris
302 585 379 646 qui
401 590 507 631 sunt
527 584 572 630 in
597 583 847 631 Occidente
867 588 1073 644 tempore
1095 584 1364 630 Diocletiani
1387 584 1650 644 supervenit

197 662 442 723 oppressio
468 662 621 724 gravis
659 668 702 707 et
739 660 1002 721 persecutio
1029 660 1179 706 omnis
1205 661 1416 707 ecclesiae
1441 662 1521 707 Dei
1549 677 1650 722 quae

197 745 268 786 est
309 739 354 784 in
397 754 553 786 eorum
598 739 790 792 ditione,
831 737 1108 798 templisque
1152 738 1327 784 eversis
1371 744 1507 798 atque
1546 738 1649 785 des-

196 817 378 871 tructis,
404 831 596 877 magnus
623 816 707 862 fuit
733 829 949 862 numerus
969 815 1289 861 confessorum
1310 821 1353 861 et
1376 821 1646 876 martyrum3

195 898 441 953 postquam
479 898 628 939 autem
665 891 876 953 castigati
913 898 1038 945 sunt,
1077 891 1199 937 Deus
1235 905 1340 937 sese
1378 892 1435 937 iis
1473 892 1649 938 miseri-

196 968 382 1015 cordem
421 968 572 1014 denuo
609 968 830 1014 exhibuit.
861 967 1044 1014 Nostris
1076 967 1222 1013 adhuc
1261 967 1424 1014 diebus
1462 974 1652 1028 propter

195 1052 381 1106 peccata
430 1054 585 1092 nostra
634 1045 800 1091 similia
848 1051 1122 1097 evenerunt;
1176 1044 1256 1091 sed
1306 1058 1463 1104 pacem
1515 1045 1647 1091 uobis

196 1122 356 1169 afferre
391 1121 560 1168 debent
596 1136 696 1182 quae
731 1121 905 1182 scripta
939 1126 1063 1175 sunt,
1105 1135 1207 1167 cum
1248 1120 1453 1167 Salvator
1493 1127 1651 1168 noster

196 1201 293 1247 haec
330 1200 480 1246 futura
514 1214 619 1246 esse
653 1199 1026 1260 praenuntiaverit
1058 1199 1128 1259 (ι),
1168 1213 1362 1259 cumque
1397 1198 1648 1258 Apostolus

197 1276 364 1323 dixerit
389 1275 437 1338 (a)
464 1276 726 1337 impositam
764 1290 868 1322 esse
905 1276 1037 1322 nobis
1075 1275 1373 1322 honorificam
1412 1276 1649 1322 confesso-

197 1367 296 1399 rum
346 1352 530 1407 nubem,
577 1367 677 1413 quae
726 1354 893 1399 multos
942 1359 1087 1399 testes
1136 1352 1240 1399 fidei
1290 1366 1424 1399 causa
1467 1353 1651 1399 occisos

198 1430 537 1490 complectitur.

503 1531 689 1563 EXPLICIT
726 1531 896 1563 HOMILIA
934 1533 984 1563 DE
1023 1532 1343 1564 PERSECIJTIONE.

241 1681 288 1720 (l)
314 1679 384 1713 cfr.
403 1679 526 1713 matth.
545 1680 657 1719 xxiv,
676 1680 717 1720 63
740 1681 821 1713 Luc.
841 1680 926 1719 xxi,
945 1679 977 1712 9.

239 1735 290 1774 (2)
316 1733 422 1768 flebr.
443 1735 517 1776 ΧΗ,
538 1736 567 1767 t.
