1737 2950
756 242 1053 284 -332-

192 367 370 412 modum
399 367 575 426 placent
603 380 701 426 quse
727 381 749 411 a
787 372 828 411 tc
854 365 1020 419 audivi,
1053 365 1191 410 Deum
1228 365 1462 411 vobiscum
1500 380 1619 414 esse.

193 443 356 489 Contra
394 443 466 487 illa
503 449 574 487 tna
611 442 743 488 verba
781 441 982 502 quzcdam
1020 447 1065 486 et
1097 454 1182 501 ego
1219 439 1446 500 objiciam.
1488 442 1626 489 lsaias

193 520 410 579 propheta
448 519 541 564 lucc
580 518 732 564 Israeli
773 518 851 563 Dci
895 517 1045 563 verbis
1086 517 1295 576 promisit
1327 516 1376 578 (ι)
1417 533 1425 563 :
1466 519 1512 564 Si
1543 532 1626 577 per

192 610 314 641 mare
339 596 604 647 ambulabis,
635 595 879 646 libiadem,
908 607 1047 651 neque
1070 594 1260 650 flumina
1288 601 1328 639 te
1351 595 1558 646 obruent3
1585 596 1627 640 si

191 674 237 717 in
278 674 378 730 iane
419 673 669 723 incesseris,
714 685 799 715 non
847 671 1134 722 combureris,
1180 684 1321 728 neque
1360 671 1543 727 flamma
1585 677 1626 716 te

190 752 501 803 concremabit,
546 751 755 808 quoniam
795 756 939 794 tecum
979 757 1045 794 est
1087 750 1301 794 Dominus
1343 750 1460 794 Deus
1498 756 1620 795 tuus.

191 827 332 872 Porro
360 827 402 870 in
430 827 640 872 universo
669 825 835 884 populo
864 830 1015 870 vestro
1055 838 1140 870 non
1169 824 1322 870 existit
1346 824 1414 870 vir
1439 824 1620 885 aliquis,

183 903 352 960 Justns,
383 910 534 948 rectus
558 916 607 947 ac
634 901 852 961 prudens,
880 901 974 962 qui,
1005 915 1085 961 per
1112 915 1231 947 mare
1269 901 1499 954 incedens,
1531 900 1626 947 suf-

191 979 413 1025 focatione
458 994 544 1025 non
587 985 758 1038 pereat,
799 979 886 1033 vel,
928 979 971 1023 in
1017 978 1199 1024 flumine
1241 978 1489 1032 ambulans,
1535 991 1624 1024 non

190 1056 523 1117 submergatur,
554 1057 638 1109 vel,
669 1056 816 1116 ignem
853 1056 1144 1110 conculcans,
1183 1069 1271 1102 non
1308 1055 1519 1101 aduratur
1551 1060 1625 1101 aut

191 1133 362 1177 flamma
411 1148 497 1178 non
547 1137 875 1178 concremetur.
931 1132 1060 1188 Quod
1118 1132 1157 1178 si
1207 1131 1624 1192 interpretationem

189 1208 294 1253 mihi
321 1209 534 1261 adducas,
566 1209 697 1255 fidem
736 1208 816 1254 tibi
855 1222 943 1254 non
976 1208 1216 1262 adhibebo,
1247 1207 1624 1268 quemadmodum

189 1293 231 1331 tu
281 1286 610 1346 expositionem
658 1286 895 1332 verborum
944 1285 999 1331 dc
1045 1286 1210 1346 quibus
1247 1285 1440 1345 quaestio
1483 1291 1553 1331 est
1599 1299 1624 1330 a

188 1375 256 1407 me
303 1376 390 1407 non
435 1362 618 1422 recipis.
659 1381 680 1403 >³
723 1390 781 1395 —
820 1361 931 1408 Dein
976 1362 1203 1408 hominem
1250 1361 1522 1422 interrogavi
1566 1361 1622 1407 de

187 1439 272 1484 alio
317 1439 562 1498 Scripturre
604 1438 752 1492 effato,
794 1439 847 1484 ab
890 1439 1124 1484 Ezechiele
1167 1438 1219 1483 ad
1263 1438 1622 1499 Hierosolymam

185 1515 359 1560 directo
373 1515 422 1579 (a)
440 1533 447 1560 ε
464 1518 647 1562 Sodoma
672 1524 712 1561 et
737 1516 847 1572 silice
869 1517 966 1574 ejus
988 1512 1290 1577 manebunt(3)
1309 1515 1465 1574 quales
1489 1521 1622 1560 antea

186 1600 386 1644 erant,et
413 1600 461 1637 ta>
482 1593 675 1651 felioc-quc
696 1600 784 1637 tuoe
802 1594 930 1637 eritis
948 1594 1063 1637 sicut
1086 1594 1216 1650 prius
1228 1591 1426 1652 fueritis,
1451 1610 1472 1632 «
1499 1591 1622 1636 Hanc

189 1668 325 1729 igitur
336 1668 604 1714 sententiam
619 1668 746 1713 —ita
763 1667 909 1727 ipsum
923 1667 1163 1727 provocavi
1180 1667 1583 1727 mihi—explices.
1598 1685 1620 1708 »

188 1744 423 1806 Coepitque
459 1745 533 1790 ille
566 1744 847 1790 defensionis
882 1758 1015 1790 causa
1046 1743 1366 1804 argumentari,
1397 1750 1441 1789 et
1465 1743 1578 1788 dixit
1607 1759 1615 1787 :

188 1840 209 1861 «
236 1822 344 1876 Qua}
379 1822 498 1867 Deus
525 1835 604 1880 per
629 1821 892 1881 prophetam
922 1820 1250 1880 llicrosolymae
1276 1820 1495 1865 nuntiavit
1518 1835 1526 1865 :
1559 1845 1622 1852 —

184 1899 368 1945 Sodoma
387 1906 428 1944 et
452 1899 562 1955 silice
596 1899 692 1956 ejus
715 1899 957 1943 manebunt
981 1898 1136 1955 quales
1173 1904 1307 1942 antea
1333 1903 1480 1952 erant,
1508 1903 1550 1942 et
1572 1902 1621 1942 tu

183 1976 378 2034 silireque
402 1983 490 2020 tuce
509 1977 635 2021 ενῖῑίε
659 1977 778 2021 sicut
804 1976 934 2032 prius
960 1973 1159 2034 fueritis,
1186 2001 1246 2006 —
1274 1987 1326 2019 eo
1352 1987 1488 2020 sensu
1515 1978 1621 2019 sunt

186 2052 463 2111 accipienda,
488 2058 536 2097 ut
562 2052 755 2098 Sodoma
781 2057 914 2111 atque
940 2050 1072 2109 hujus
1099 2050 1202 2096 fitiae
1222 2050 1275 2095 ab
1297 2049 1477 2104 incolis,
1504 2049 1621 2096 sicut

187 2134 330 2182 antea,
360 2128 634 2188 occupandae
660 2135 703 2175 et
729 2128 940 2189 potestati
967 2126 1148 2173 Israelis
1174 2126 1485 2186 subjiciendae,
1516 2126 1621 2172 Hie·

231 2312 276 2351 (t)
304 2312 347 2342 is.
369 2311 486 2347 xettt,
507 2310 538 2348 2,
556 2311 589 2342 3.

229 2366 274 2405 (Ξ)
301 2365 426 2398 Ezccn.
445 2366 528 2403 xvi,
547 2366 602 2397 55.

229 2433 274 2472 (3)
303 2431 503 2464 Lectionem
522 2429 656 2464 codicis
674 2432 712 2470 Α,
728 2429 788 2472 qui
805 2438 869 2472 pro
886 2439 972 2465 voce
995 2427 1184 2479 <amb-³,
1212 2429 1499 2471 aedificabuntur,
1514 2436 1621 2471 quam

185 2507 263 2541 cod.
284 2509 308 2540 Β
327 2506 544 2549 suppeditat,
575 2509 609 2539 et
635 2505 690 2539 nic
717 2509 751 2538 et
781 2504 870 2538 intra
898 2506 1003 2540 habet
1026 2506 1162 2557 <Lol-»³
1187 2507 1387 2546 consistent,
1411 2505 1620 2546 manebunt,

185 2592 252 2619 nos
281 2583 479 2627 sequimur.
510 2582 598 2616 illud
628 2582 724 2616 enim
748 2582 915 2634 <As->M
942 2591 1021 2616 curn
1041 2582 1238 2626 prophetiae
1254 2581 1490 2625 explicatione
1511 2587 1617 2623 quam

185 2648 266 2674 mox
283 2639 405 2673 subdit
421 2638 617 2681 Aphraates
635 2638 692 2671 vix
709 2643 770 2671 aut
793 2647 837 2672 ne
865 2638 922 2671 vix
949 2638 1094 2681 quidem
1121 2638 1304 2672 conciliari
1333 2645 1441 2681 posse
1464 2635 1619 2671 videtur.

184 2696 358 2728 Caeterum
386 2694 430 2727 de
457 2693 634 2727 versionis
661 2693 841 2734 Simplicis
867 2693 1091 2733 auctoritate,
1113 2701 1193 2736 quae
1218 2693 1297 2727 cod.
1316 2694 1342 2726 Α
1359 2690 1617 2735 patrocinatur,
1651 2694 1655 2698 ·

185 2758 258 2783 non
277 2752 331 2782 est
349 2757 412 2782 cur
429 2747 603 2781 dicamus.
