1737 2950
763 198 1064 241 ..306-

197 323 257 369 ait
295 323 343 383 (ι)
389 339 398 368 ;
444 324 538 369 Νοη
579 323 861 382 derelinques
902 322 1101 367 animam
1148 335 1290 367 meam
1339 323 1387 367 in
1433 323 1631 379 inferno.

195 401 358 447 Verum
385 399 563 460 quando
600 398 654 445 ad
692 399 810 445 hunc
848 398 995 445 locum
1023 398 1160 444 semel
1190 397 1391 458 perveni,
1419 411 1635 458 perversa

195 492 246 524 ac
289 477 511 524 malesana
551 491 600 523 se
642 477 764 537 loqui
809 490 888 522 eos
931 476 1316 523 commonefactos
1359 475 1509 530 velim,
1556 475 1633 536 qui

196 553 364 600 Christi
391 553 580 614 gloriam
607 553 836 599 celebrare
876 566 925 598 se
964 551 1290 604 existimantes,
1320 566 1420 613 quae
1455 551 1508 598 ad
1537 551 1632 596 Pri-

197 631 474 691 mogenitum
501 629 648 675 omnis
669 635 886 675 creatura}
907 629 1135 689 pertinent
1155 642 1255 674 cum
1277 628 1333 675 iis
1354 627 1635 675 confundunt

195 722 295 768 quie
330 712 536 767 spectant
570 706 622 751 ad
657 706 847 751 animam
891 712 934 752 et
976 719 1142 765 corpus
1178 705 1312 759 Jesu,
1362 705 1555 752 fortasse
1591 709 1636 750 et

196 784 341 844 ipsius
367 784 595 844 spiritum.
626 802 647 824 »

260 862 545 908 Manifestum
585 861 723 922 igitur
755 867 825 907 est
860 859 913 905 ab
951 859 1164 920 Origene,
1206 859 1325 906 sicut
1359 874 1383 906 a
1419 860 1633 920 Sapiente

196 940 333 986 Persa
377 946 419 986 et
453 939 506 984 ab
543 939 771 998 Episcopo
806 936 1129 998 Lugdunensi,
1166 936 1209 981 in
1253 941 1409 983 natura
1441 937 1631 983 humana

193 1016 335 1077 gratia
377 1015 687 1061 sanctificante
729 1019 899 1066 ornata,
940 1013 1085 1073 qualis
1135 1013 1289 1073 utique
1329 1018 1424 1059 erat
1464 1013 1631 1060 Christi

193 1092 461 1145 humanitas,
486 1091 569 1136 tria
593 1090 814 1150 distingui
845 1106 852 1134 :
883 1103 1081 1142 carnem,
1105 1091 1306 1134 animam
1331 1095 1374 1135 et
1398 1091 1628 1148 spiritum.

191 1169 348 1229 Neque
392 1168 524 1214 modo
557 1167 738 1213 diverso
773 1181 796 1211 a
831 1166 1026 1212 diversis
1069 1165 1372 1226 scriptoribus
1413 1166 1497 1212 tria
1538 1167 1635 1214 haec

190 1245 405 1291 vocabula
444 1244 637 1304 intelligi
665 1243 734 1289 vel
772 1241 1011 1288 dissimilia
1047 1241 1103 1287 de
1139 1241 1335 1303 singulis
1372 1241 1628 1302 praedicari,

190 1321 383 1382 probant
430 1335 530 1381 quae
578 1320 683 1365 alibi
726 1316 774 1381 (2)
816 1318 950 1364 habet
998 1318 1242 1379 Origenes,
1295 1318 1528 1365 disserens
1577 1319 1634 1366 de

187 1397 340 1444 verbis
367 1396 545 1442 Domini
572 1394 619 1457 (3)
650 1411 659 1440 :
695 1397 815 1440 Tune
836 1395 923 1440 duo
958 1401 1093 1440 erunt
1119 1396 1167 1439 in
1193 1409 1316 1453 aqro,
1346 1409 1466 1441 unus
1501 1409 1631 1441 assu-

190 1481 337 1519 metur
371 1480 413 1518 et
449 1474 565 1518 alter
600 1473 883 1530 relinquetur
912 1488 923 1516 :
954 1490 975 1511 «
1002 1471 1098 1516 Duo
1126 1470 1169 1515 in
1202 1484 1330 1531 agro,
1360 1470 1436 1524 ait,
1467 1485 1632 1518 sensus

191 1549 388 1595 hominis
423 1548 557 1602 honi,
595 1553 639 1594 ct
674 1561 837 1593 sensus
878 1547 1074 1592 hominis
1110 1546 1228 1592 mali.
1271 1547 1441 1593 Sensus
1486 1547 1632 1594 bonus

188 1625 458 1679 assumitur,
517 1625 658 1670 malus
713 1623 999 1683 relinquitur.
1062 1624 1155 1669 Nec
1209 1623 1327 1669 enim
1386 1637 1632 1683 possumus

189 1701 340 1748 dicere
376 1701 585 1761 spiritum
622 1700 723 1746 mali
761 1699 957 1746 hominis
995 1713 1082 1745 non
1119 1699 1316 1754 assumi,
1356 1699 1460 1759 quia
1492 1698 1631 1746 didici

188 1777 304 1838 apud
332 1777 640 1823 Ecclesiasten
667 1776 722 1822 de
749 1776 869 1822 omni
897 1775 1079 1835 spiritu,
1111 1776 1321 1835 quoniam
1353 1774 1634 1821 convertitur

188 1854 241 1900 ad
268 1855 408 1900 Deum
435 1854 510 1913 qui
537 1853 662 1899 dedit
687 1867 810 1905 eum;
853 1852 970 1898 sicut
1007 1857 1051 1898 et
1087 1851 1142 1898 de
1179 1851 1300 1898 omni
1334 1865 1487 1906 carne,
1517 1865 1628 1912 quo-

188 1931 305 1976 niam
343 1930 583 1976 revertitur
619 1929 673 1975 ad
711 1935 874 1975 terram
911 1928 1031 1974 unde
1069 1934 1246 1989 sumpta
1282 1934 1374 1982 est;
1422 1933 1466 1975 et
1509 1928 1631 1974 sicut

187 2007 287 2067 ipse
313 2006 532 2053 Dominus
568 2006 722 2052 docuit
759 2019 843 2051 nos
880 2009 927 2050 ut
955 2005 1189 2050 timeamus
1225 2018 1326 2050 eum
1361 2005 1440 2063 qui
1471 2017 1631 2063 eorpus

186 2092 227 2129 et
269 2085 469 2129 animam
506 2090 651 2141 potest
686 2083 874 2141 perdere
914 2084 962 2127 in
1004 2082 1252 2140 gehennam
1289 2079 1361 2142 (4);
1403 2086 1447 2127 et
1482 2093 1534 2126 ex
1573 2093 1626 2126 eo

188 2231 252 2271 310?
273 2231 376 2270 τοῦτ-ι’
402 2238 508 2281 φησιν
537 2232 570 2269 ἐν
599 2229 631 2270 ιε’
657 2231 805 2283 ψαλμᾷ
830 2230 886 2270 ro‘·
918 2247 936 2268 α
965 2234 1040 2270 Ου’κ,
1074 2230 1372 2280 ἐγκαταλείψεις
1407 2230 1471 2274 ‘triu
1502 2230 1630 2279 ψυχήν

186 2317 253 2346 μου
279 2301 322 2335 εἰς
343 2296 454 2350 ᾅδην.
477 2312 492 2331 Ι)
521 2297 703 2346 Γενὲμενος
732 2296 777 2336 δὲ
805 2296 905 2346 οἲποιξ
937 2296 1034 2337 κατ-αἶ
1063 2296 1125 2338 τὼ
1152 2297 1274 2346 τίκ-ον,
1309 2299 1559 2347 ἆπομνη’σ·αιιμ”
1587 2296 1629 2336 ἔν

185 2362 265 2406 γοδς
287 2364 472 2416 φαντασίᾳ
493 2362 713 2411 δοξολογιίις
744 2371 810 2406 τῆς
842 2364 918 2414 περὶ
951 2370 1015 2402 τοῦ
1043 2369 1196 2416 Χρισντοῧ
1223 2364 1460 2412 συγχεάινταις
1481 2362 1529 2401 ‘ru'
1550 2362 1628 2415 περὶ

187 2435 249 2469 τοῦ
280 2429 505 2480 Πρωτοτέκου
542 2430 662 2472 πάσης
697 2433 844 2468 κτίσεως
880 2431 952 2467 τοῖς
987 2431 1066 2481 περὶ
1099 2429 1231 2478 ψυχῆς
1266 2428 1325 2468 nai
1359 2434 1424 2468 τοῦ
1455 2427 1626 2477 νάματος

188 2496 318 2542 Ἰησοῦ,
338 2497 446 2544 τείχει
463 2495 507 2534 δὲ
528 2498 588 2533 καὶ
609 2491 671 2534 τοι).
691 2494 894 2541 πνιᾶμαιτος
917 2496 1040 2535 attin?-

232 2562 280 2600 (¹)
306 2560 365 2593 PS.
387 2560 526 2598 XV‚10.

231 2616 280 2655 (2)
305 2615 348 2648 In
367 2615 579 2648 Matthoeum
595 2614 936 2649 commentariorum
953 2616 1075 2654 series,
1103 2623 1137 2649 n.
1167 2616 1230 2656 57;
1248 2623 1305 2658 ap.
1330 2613 1461 2659 Migne,
1481 2613 1626 2648 Patrot.

191 2670 252 2705 Gr.
273 2675 297 2703 t.
317 2672 406 2709 ΧΙΙΙ,
425 2670 492 2704 col.
515 2671 611 2704 ¹69¹.

233 2726 280 2764 (5)
305 2725 426 2758 maun.
447 2725 558 2764 xxw,
577 2725 632 2758 ιο.

229 2780 279 2820 (4)
302 2779 423 2814 nauh.
443 2780 481 2821 x,
499 2779 554 2812 28.
