1737 2950
658 159 956 202 ..237-

96 293 277 334 vertens
312 286 444 333 etiam
482 286 688 332 homines
731 286 774 331 in
819 285 1051 346 Scriptura
1095 284 1207 331 deos
1253 289 1537 345 nuncupatos

97 378 216 419 esse,
247 364 362 411 haud
390 369 535 410 tamen
561 363 740 425 negavit
766 377 815 410 se
848 377 951 410 esse
978 363 1117 409 Deum
1145 376 1284 409 sensu
1312 362 1536 408 excellen-

96 442 229 496 tiore,
260 442 420 488 Filium
448 442 527 488 Dei
555 442 836 502 unigenitum
863 446 906 486 et
933 441 1052 487 Patri
1079 440 1535 494 consubstantialem,

95 519 298 580 nihilque
323 533 478 566 eorum
504 519 761 565 retractavit
780 532 880 579 quae
899 518 953 564 ad
980 518 1023 563 id
1045 518 1326 564 suadendum
1353 517 1538 564 eosdem

95 596 325 643 auditores
369 603 496 643 antea
539 596 770 649 docuerat,
819 596 907 641 imo
951 594 993 640 id
1039 595 1187 655 ipsum
1234 609 1286 640 ex
1336 595 1392 640 iis
1438 607 1540 655 quae

96 675 263 721 fecerat
287 673 588 728 confirmavit,
614 680 676 730 ut,
703 673 742 719 si
767 673 919 719 verbis
943 673 1040 719 suis
1067 672 1200 719 fidem
1229 673 1376 718 minus
1403 671 1536 717 habe-

99 759 213 807 rent,
257 752 473 813 operibus
516 758 638 798 certe
674 751 936 803 crederent;
980 751 1040 797 ita
1076 751 1325 812 Aphraates
1362 750 1434 795 hic
1468 763 1542 795 ex·

97 830 225 891 ponit
266 837 430 890 quanta
473 830 634 889 injuria
670 829 814 875 Judaei
858 835 1253 875 commoverentur
1295 829 1337 872 in
1383 827 1540 873 Chris-

97 907 262 961 tianos,
293 907 400 953 Jesu
440 907 670 952 Nazareno
706 920 757 952 ea
794 906 974 952 nomina
999 905 1333 959 adscribentes,
1366 918 1466 965 quae
1496 904 1537 949 in

99 984 273 1030 Divinis
309 984 494 1030 Litteris
533 984 791 1030 hominibus
833 983 934 1030 data
976 983 1118 1030 fuisse
1161 988 1363 1035 constat;
1404 982 1538 1028 simul

97 1068 243 1108 autem
271 1076 325 1108 ne
350 1062 454 1108 hinc
491 1062 690 1123 quidam,
721 1061 956 1108 veritatum
996 1061 1100 1107 fidei
1139 1060 1366 1116 rudiores,
1405 1058 1541 1105 infer-

98 1145 198 1184 rent
240 1138 468 1185 Christum
512 1138 751 1184 Dominum
793 1138 953 1184 eodem
1000 1151 1137 1184 sensu
1181 1152 1231 1184 ac
1275 1137 1378 1183 illos
1428 1136 1543 1182 alios

97 1216 238 1271 viros,
269 1216 505 1262 sanctitate
531 1216 600 1262 vel
627 1217 893 1262 auctoritate
920 1215 1254 1276 praecellentes,
1280 1215 1358 1260 Dei
1383 1214 1541 1259 Filium

99 1308 149 1340 ac
176 1294 314 1340 Deum
340 1294 576 1355 appellari,
618 1307 706 1340 non
743 1307 831 1340 uno
872 1294 915 1338 in
957 1294 1058 1339 loco
1094 1292 1282 1338 affirmat
1314 1291 1543 1338 Christum

99 1385 203 1417 esse
240 1372 378 1417 Deum
419 1371 474 1416 de
514 1372 614 1424 Deo,
659 1372 828 1416 Lumen
870 1371 923 1416 de
964 1371 1234 1423 Lumine...‚
1275 1383 1325 1415 ac
1351 1368 1545 1429 proinde

98 1449 314 1496 vocabula
340 1463 440 1510 quae
467 1449 916 1509 reprehendebantur
942 1449 982 1494 ei
1010 1448 1150 1494 multo
1183 1446 1350 1508 potiori
1371 1446 1472 1506 jure
1500 1452 1544 1493 et

99 1526 389 1573 strictissima
413 1526 653 1572 verborum
677 1526 956 1587 proprietate
982 1525 1241 1571 convenire.

166 1604 322 1664 Neque
359 1617 517 1649 novam
557 1604 625 1649 vel
662 1603 905 1649 inauditam
938 1616 1042 1649 esse
1072 1602 1185 1648 hanc
1210 1601 1451 1662 Aphraatis
1479 1601 1544 1646 in-

99 1681 487 1742 terpretationem,
517 1681 607 1727 imo
632 1680 686 1727 ab
714 1680 843 1727 initio
869 1694 965 1726 eam
998 1685 1226 1740 receptam
1260 1679 1404 1725 fuisse
1443 1678 1546 1725 inde

99 1757 233 1803 nobis
259 1757 413 1817 colligi
440 1771 578 1818 posse
600 1757 796 1812 videtur,
821 1756 942 1817 quod
964 1756 1081 1817 apud
1104 1755 1385 1803 Gennadium
1413 1755 1546 1801 istius

99 1835 302 1881 Homilz'oe
342 1834 685 1895 inscriptionem
723 1834 782 1880 ita
824 1833 1105 1894 propositam
1149 1833 1315 1878 habeas
1349 1829 1397 1894 (1)
1437 1848 1444 1877 :
1486 1834 1548 1877 De

101 1912 293 1961 Christo,
332 1912 448 1971 quod
484 1913 626 1957 Filius
663 1913 741 1957 Dei
776 1913 835 1957 sit
872 1919 914 1957 et
958 1911 1359 1956 consubstantialis
1396 1910 1540 1954 Patri.

167 1990 364 2050 Spiritus
391 1990 601 2043 Sanctus,
632 2003 764 2049 quem
797 2002 933 2048 supra
968 1987 1164 2034 vidimus
1202 1987 1320 2033 Patri
1357 1992 1401 2032 et
1432 1986 1546 2032 Filio

103 2068 147 2112 in
173 2067 316 2113 forma
341 2067 560 2127 Baptismi
587 2081 637 2113 ac
663 2073 999 2127 consequenter
1031 2066 1074 2110 in
1114 2065 1344 2111 hominum
1380 2063 1544 2110 sancti-

103 2146 328 2200 ficatione,
359 2146 477 2192 sicut
504 2146 546 2191 in
579 2146 728 2192 cultus
769 2146 910 2192 latriae
949 2145 1203 2198 consortio,
1234 2143 1436 2203 adjungi,
1469 2143 1547 2188 ite-

103 2238 199 2269 rum
226 2238 360 2270 verus
391 2224 510 2270 Deus
546 2223 765 2284 implicite
790 2222 1081 2283 praedicatur,
1110 2221 1216 2268 dum
1239 2220 1476 2267 exhibetur
1500 2226 1547 2265 ut

103 2300 349 2360 inspirator
376 2300 719 2360 Prophetarum,
744 2300 788 2345 in
810 2314 926 2360 quos
947 2314 970 2345 a
991 2300 1122 2345 Patre
1151 2297 1359 2344 mittitur.
1391 2295 1543 2342 Chris-

103 2383 176 2422 tus
197 2377 432 2429 Dominus,
462 2377 522 2422 ait
549 2376 738 2437 Sapiens
767 2377 905 2422 Persa
931 2374 993 2438 (a),
1023 2395 1044 2417 «
1071 2376 1167 2421 haec
1193 2374 1326 2420 nobis
1354 2373 1546 2419 inculca-

103 2453 168 2500 vit
191 2453 240 2514 (3)
272 2471 281 2502 :
312 2456 421 2502 Cum
445 2455 670 2502 adducent
693 2469 768 2501 vos
793 2455 851 2501 ad
872 2461 1132 2513 potestates,
1161 2453 1220 2498 ad
1246 2453 1546 2510 magistratus

150 2606 198 2646 (1)
222 2604 299 2638 vid.
323 2612 419 2647 sup„
438 2613 474 2646 p.
495 2604 569 2636 149.

149 2671 198 2710 (2)
223 2670 388 2714 Wright.,
407 2679 465 2712 pp.
493 2669 585 2700 oud.
607 2672 642 2702 et
666 2669 746 2699 aaz
775 2688 782 2696 .

151 2728 200 2767 (5)
226 2728 307 2760 Luc.
328 2726 400 2766 ΧΗ,
426 2728 478 2765 1¹,
499 2726 553 2766 12,
572 2725 655 2758 item
674 2726 756 2764 XXl,
781 2726 897 2762 22-15;
918 2724 1038 2757 Matth.
1060 2724 1097 2761 x,
1117 2723 1240 2762 ¹8-20;
1260 2724 1363 2756 marc.
1386 2722 1473 2760 ΧΙΙι,
1493 2722 1544 2752 Η.
