1737 2950
792 185 1086 226 ,290-

225 325 324 372 quae
351 310 404 356 ad
431 310 631 356 eamdem
656 310 907 356 doctrinam
933 306 1249 355 stabiliendam
1280 306 1428 352 afferri
1460 319 1652 352 consue·

226 393 398 434 verunt.
426 387 488 434 De
513 387 678 448 quibus
705 386 812 432 illud
840 385 911 431 hic
931 384 1182 431 advertisse
1208 383 1417 437 sufficiat,
1440 381 1655 445 quasdam

226 464 378 510 sutiles
404 478 611 524 prorsus,
642 463 882 523 plerasque
910 461 1058 507 minus
1085 460 1236 507 firmas
1256 459 1552 521 deprehendi,
1575 472 1658 506 nec

227 541 305 587 ulli
331 540 419 586 vim
446 546 685 601 cogentem
713 539 879 584 inesse.

294 616 532 672 Caeterum,
560 622 608 662 ut
632 615 833 676 prudens
870 614 952 660 hac
987 627 1125 674 super
1159 614 1411 674 quaestione
1437 612 1659 673 judicium

230 693 413 748 feratur,
445 693 688 740 notandum
717 693 904 752 insuper
928 698 997 738 est
1021 697 1230 737 auctores
1254 691 1482 751 antiquos,
1505 690 1582 750 qui
1607 688 1662 735 de

230 786 280 818 ea
323 778 530 833 egerunt,
578 770 877 817 dubitantium
914 770 985 816 vel
1020 769 1319 829 opinantium,
1358 782 1447 815 non
1482 780 1663 814 asseve-

232 848 423 894 rantium
482 848 615 894 modo
670 847 925 907 saepissime
979 846 1154 892 locutos
1209 858 1327 891 esse.
1382 845 1446 890 Ita
1491 843 1662 905 quippe

233 926 279 971 S.
312 925 630 986 Hieronymus,
666 938 798 985 quem
830 937 932 969 mox
967 923 1243 976 audivimus;
1274 922 1333 968 ita
1368 928 1412 968 et
1443 921 1518 967 alii
1548 921 1661 967 bene

231 1004 375 1049 multi.
402 1003 529 1049 Unde
557 1003 601 1049 S.
633 1003 917 1064 Augustinus
942 1000 1005 1064 (t),
1036 1002 1267 1062 explicans
1293 1001 1414 1047 mille
1439 1014 1582 1047 annos
1606 998 1662 1046 de

230 1080 395 1141 quibus
439 1081 759 1140 Apocalypseos
800 1080 897 1132 XX,
945 1077 1023 1123 2-ss
1065 1095 1072 1124 :
1118 1079 1303 1133 «Mille,
1351 1077 1512 1138 inquit,
1558 1075 1661 1123 anni

231 1156 408 1202 duobus
454 1155 600 1202 modis
645 1163 836 1216 possunt
881 1155 1072 1216 intelligi
1112 1171 1119 1200 :
1156 1161 1231 1200 aut
1261 1154 1364 1214 quia
1406 1153 1449 1198 in
1493 1153 1663 1200 ultimis

234 1232 352 1277 mille
378 1232 508 1278 annis
535 1233 618 1278 ista
645 1246 717 1278 res
743 1232 907 1293 agitur,
937 1231 980 1277 id
1011 1238 1081 1278 est
1111 1238 1238 1277 sexto
1274 1244 1490 1276 annorum
1527 1230 1664 1276 mille·

233 1310 376 1362 nario,
407 1317 615 1370 tanquam
650 1317 777 1356 sexto
809 1309 898 1355 die.
929 1309 1058 1368 cujus
1090 1323 1208 1354 nunc
1240 1309 1383 1368 spatia
1413 1307 1667 1368 posteriora

234 1386 490 1439 volvuntur,
538 1392 751 1432 secuturo
795 1385 959 1432 deinde
1006 1386 1191 1431 sabbato
1239 1384 1358 1445 quod
1403 1398 1492 1430 non
1535 1383 1668 1429 habet

233 1477 485 1522 vesperam,
537 1463 692 1523 requie
740 1463 918 1508 scilicet
960 1468 1218 1508 sanctorum
1262 1475 1361 1521 quae
1404 1475 1492 1507 non
1535 1459 1668 1506 habet

235 1540 393 1589 l'incm2
424 1545 472 1584 ut
498 1539 628 1598 hujus
656 1539 891 1584 millenarii
920 1545 1127 1599 tanquam
1157 1538 1447 1584 novissimam
1474 1542 1663 1597 partem,

234 1630 334 1675 quae
362 1616 610 1661 remanebit
641 1630 785 1675 usque
812 1616 865 1661 ad
893 1616 1132 1661 terminum
1171 1615 1343 1667 saeculi,
1374 1614 1494 1660 mille
1526 1626 1668 1658 annos

235 1692 545 1751 appellaverit,
574 1705 628 1737 eo
655 1691 869 1751 loquendi
905 1691 1038 1738 modo
1079 1705 1168 1751 quo
1201 1705 1305 1750 pars
1337 1689 1622 1750 significatur
1645 1701 1670 1733 a

236 1774 355 1821 toto;
389 1796 443 1801 —
472 1776 547 1814 aut
572 1776 696 1815 certe
723 1769 844 1814 mille
870 1783 1013 1814 annos
1040 1782 1121 1827 pro
1145 1767 1275 1812 annis
1300 1766 1509 1812 omnibus
1538 1764 1670 1824 hujus

237 1845 390 1890 saeculi
425 1845 595 1905 posuit,
632 1852 678 1891 ut
710 1846 912 1905 perfecto
945 1859 1131 1891 numero
1164 1850 1394 1890 notaretur
1430 1844 1528 1903 ipsa
1563 1848 1670 1888 tcm-

235 1922 360 1982 poris
405 1923 654 1982 plenitudo.
694 1943 714 1964 »
763 1951 819 1957 --·
860 1923 982 1969 Idem
1019 1929 1184 1974 tamen,
1227 1921 1331 1967 alibi
1376 1919 1442 1982 (a),
1480 1933 1558 1966 eos
1594 1917 1669 1979 qui
1733 1958 1737 1968 ,

239 1998 449 2044 mundum
477 2000 657 2046 nonnisi
693 2014 771 2045 sex
797 2013 1014 2045 annorum
1043 1999 1179 2043 millia
1212 1997 1479 2043 exstiturum
1505 1993 1672 2055 praedi-

236 2081 337 2120 cant
366 2075 530 2121 refellit
560 2089 611 2122 ex
645 2075 797 2122 verbis
829 2075 996 2122 Christi
1024 2074 1219 2127 Domini,
1241 2074 1364 2119 Matt.
1388 2071 1545 2126 XXIV,
1572 2069 1632 2116 36
1657 2085 1669 2116 ε
1728 2127 1731 2129 ‚

240 2154 298 2196 De
322 2152 393 2197 die
417 2160 566 2198 autem
592 2153 675 2197 illa
699 2160 741 2198 et
766 2154 875 2198 hora
901 2166 1025 2197 nemo
1056 2153 1159 2204 scit,
1199 2164 1340 2209 neque
1373 2150 1521 2207 angeli
1547 2148 1672 2193 coelo·

239 2242 364 2281 rum,
414 2230 503 2273 nisi
549 2229 670 2273 solus
719 2230 876 2283 Pater‚·
929 2226 1247 2286 consentitque
1291 2226 1332 2270 S.
1384 2223 1671 2276 Ambrosius,

244 2304 346 2349 libr.
376 2304 452 2349 VII
479 2306 527 2348 in
553 2306 735 2350 Lucam.

307 2381 460 2439 ltaque
486 2381 523 2426 si
551 2381 699 2426 omnia
734 2395 834 2441 quae
870 2380 1023 2426 haberi
1050 2384 1244 2440 possunt
1275 2378 1545 2424 documenta
1568 2389 1676 2436 pen-

241 2463 397 2503 sentur
421 2463 591 2503 attente
616 2464 660 2503 et
687 2458 803 2502 inter
828 2470 878 2502 se
903 2456 1210 2507 conferantur,
1236 2455 1330 2501 haec
1348 2454 1484 2500 veluti
1512 2457 1676 2513 sponte

242 2548 292 2578 ac
330 2534 589 2580 necessario
633 2533 785 2593 prodit
829 2532 987 2585 illatio,
1034 2531 1332 2592 quaestionem
1375 2531 1430 2576 de
1472 2537 1676 2588 tempore

286 2679 333 2717 (l)
362 2678 409 2710 De
425 2678 564 2711 civitate
583 2678 647 2711 Dei
667 2677 725 2711 lib.
748 2678 813 2717 XX,
831 2685 908 2719 cap.
929 2679 960 2709 7.

287 2732 335 2772 (Ξ)
360 2731 398 2764 1η
418 2735 544 2771 psalm.
566 2731 754 2771 LXXXIX,
774 2739 867 2765 vers,
888 2733 918 2764 4.
