1737 2950
652 810 866 871 PARS
919 810 1275 873 ALTERA.

488 996 556 1032 De
584 994 787 1039 seriptis
815 995 864 1032 et
891 994 1116 1032 doctrina
1142 995 1428 1040 Apnraatis.

305 1299 400 1343 Jam
428 1312 580 1357 supra,
610 1298 685 1344 ubi
712 1298 766 1344 de
792 1304 920 1344 aetate
957 1314 1041 1358 qua
1074 1300 1321 1358 Aphraates
1347 1299 1506 1346 vixerit
1532 1300 1673 1361 scrip-

242 1375 442 1433 seritque
465 1388 614 1420 sermo
639 1380 732 1419 erat
757 1377 822 1434 (1),
852 1375 1135 1421 ostendimus
1173 1376 1326 1434 quanti
1353 1375 1557 1422 facienda
1581 1376 1673 1422 sint

240 1449 336 1507 ejus
372 1463 531 1508 opera;
571 1450 739 1509 quippe
772 1465 872 1510 quae
907 1451 1138 1496 continent
1175 1451 1230 1497 de
1262 1451 1375 1505 fide,
1422 1452 1586 1498 studiis
1621 1465 1671 1499 ac

240 1526 440 1570 moribus
467 1526 821 1571 Christianorum
861 1527 903 1571 in
943 1528 1264 1586 Mesopotamia
1300 1534 1344 1573 et
1381 1528 1567 1575 Perside
1592 1529 1669 1576 de-

238 1602 437 1661 gentium
466 1609 799 1647 monumentum
827 1603 897 1647 vix
925 1617 1011 1648 non
1051 1617 1247 1648 omnium
1282 1604 1662 1664 antiquissimum.

236 1677 329 1722 Nec
356 1677 544 1723 minoris
582 1678 792 1723 momenti
831 1679 869 1723 ei
909 1684 1014 1723 sunt
1050 1679 1125 1738 qui
1164 1679 1206 1723 in
1245 1679 1535 1726 addiscendis
1566 1694 1668 1741 per-

237 1754 582 1813 scrutandisque
621 1755 788 1814 linguis
826 1755 1052 1801 Semiticis
1090 1762 1308 1810 versatur,
1339 1771 1438 1803 cum
1469 1757 1523 1803 ad
1550 1758 1668 1804 litte-

237 1844 383 1875 rarum
433 1830 730 1876 Aramaearum
779 1831 981 1891 origines
1029 1832 1232 1891 proxime
1287 1833 1544 1879 ascendant.
1599 1833 1667 1879 Illi

236 1906 415 1951 demum
442 1907 632 1952 maximo
658 1908 961 1953 emolumento
988 1921 1090 1953 esse
1116 1915 1326 1967 possunt,
1349 1910 1425 1969 qui
1445 1909 1499 1955 ad
1521 1909 1667 1955 Sacrae

236 1982 481 2041 Scripturae
519 1983 716 2029 studium
754 1985 979 2043 appulerit
1014 1990 1225 2037 mentem,
1267 1985 1361 2031 sive
1395 1999 1550 2032 verum
1587 1999 1666 2047 ge-

237 2058 510 2117 nuinumque
554 2066 699 2104 textus
745 2060 949 2118 inspirati
987 2074 1170 2105 sensum
1211 2067 1379 2106 tantum
1417 2061 1661 2121 inquirere,

235 2133 330 2179 sive
371 2135 503 2179 etiam
547 2134 602 2180 de
643 2135 840 2194 antiquis
882 2136 1169 2182 versionibus
1213 2137 1409 2197 Syriacis
1444 2137 1664 2196 judicium
1703 2142 1720 2158 ²

235 2209 350 2254 serre
375 2210 496 2256 velit.

301 2286 444 2340 Quare
471 2299 621 2346 operae
647 2288 838 2346 pretium
865 2288 1082 2334 facturum
1122 2302 1190 2334 me
1225 2289 1437 2343 arbitror,
1466 2290 1523 2342 si,
1564 2289 1662 2350 qui·
1715 2303 1722 2342 ζ

234 2360 418 2405 busdam
462 2362 648 2407 antehac
688 2362 743 2407 de
784 2363 982 2408 auctoris
1026 2364 1168 2409 nostri
1213 2364 1301 2410 vita
1342 2364 1568 2418 delibatis,
1607 2363 1661 2410 ad

232 2436 402 2494 scripta
427 2437 523 2494 ejus
549 2438 856 2491 examinanda,
887 2439 1227 2499 doctrinamque
1262 2454 1393 2499 quam
1430 2439 1663 2486 continent
1714 2462 1720 2465 -

235 2511 498 2571 diligentius
525 2514 768 2559 rimandam
796 2528 913 2560 nunc
939 2515 1165 2575 accingar.

274 2664 320 2700 (¹)
347 2661 481 2696 Videsis
501 2671 578 2706 pag.
599 2665 639 2697 70
656 2673 754 2707 seqq.
