1737 2950
778 208 1072 251 ..274-

199 334 415 391 scriptum
440 330 591 393 suerat
619 349 631 378 :
659 331 843 380 Nullum
877 334 1044 378 ossium
1068 334 1166 391 ejus
1201 334 1542 379 comminuetur.
1572 359 1634 368 -—

202 408 299 454 Alia
324 414 394 455 est
420 408 632 469 imposita
657 408 727 455 lex
746 408 813 472 (ι),
835 422 892 455 ne
914 423 1072 455 servus
1095 411 1342 468 emptitius,
1370 411 1636 469 priusquam

201 498 380 531 carnem
403 487 615 544 praeputii
637 488 711 532 sui
736 487 992 540 resecuerit,
1016 487 1189 545 pascha
1213 487 1408 532 comedat
1436 503 1448 532 .·
1476 499 1636 533 servus

201 569 347 609 autem
373 563 607 623 emptitius
632 569 702 610 est
739 564 872 610 homo
909 564 1109 624 peccatis
1141 563 1341 619 deditus,
1369 563 1464 624 qui,
1491 563 1633 625 poeni-

202 639 386 684 tentiam
417 652 576 700 agens,
618 639 786 685 Christi
825 640 1046 700 sanguine
1084 639 1336 695 redimitur,
1378 645 1422 686 et
1456 639 1634 686 demum

204 722 443 777 postquam
469 731 492 762 a
517 716 656 763 corde
692 731 775 763 suo
811 731 948 779 opera
984 718 1097 764 mala
1132 717 1344 772 abscidit,
1373 716 1426 763 ad
1458 717 1634 778 Baptis-

204 807 340 847 mum,
379 808 535 840 verum
571 794 937 842 circumcisionis
974 796 1371 856 complementum,
1411 794 1633 855 pervenit,

203 871 362 931 sicque
409 870 580 932 populo
633 871 712 917 Dei
772 872 1034 933 adjungitur
1080 879 1125 919 et
1170 872 1399 933 particeps
1445 870 1639 918 efficitur

201 950 411 1011 corporis
437 957 570 1012 atque
596 949 834 1012 sanguinis
861 949 1046 996 Christi.
1072 977 1135 982 —-
1161 948 1275 995 Illud
1310 962 1491 1010 quoque
1515 947 1637 1009 quod

202 1033 476 1087 praeceptum
513 1034 584 1074 est
619 1025 668 1088 (a)
708 1043 716 1071 :
760 1026 1002 1073 Comedetis
1031 1025 1313 1087 festinantes,
1353 1024 1397 1070 in
1433 1024 1637 1071 Ecclesia

203 1103 280 1149 Dei
324 1103 610 1160 observatur,
655 1104 730 1150 ubi
776 1103 934 1150 fideles
975 1118 1077 1150 cum
1118 1103 1280 1159 timore
1327 1108 1372 1148 et
1417 1109 1631 1156 tremore,

202 1179 469 1228 festinantes
495 1188 540 1228 et
565 1186 737 1228 stantes
773 1194 938 1242 agnum
976 1180 1262 1234 manducant,
1288 1179 1499 1240 quoniam
1530 1192 1635 1241 pro·

202 1262 360 1316 perant
384 1258 517 1304 vitam
543 1257 722 1304 haurire
758 1271 811 1304 ex
846 1257 1086 1318 largitione
1124 1256 1319 1317 Spiritus
1351 1269 1483 1316 quem
1508 1269 1635 1302 acce-

202 1339 381 1391 perunt.
435 1334 514 1380 Illa
556 1334 674 1380 enim
718 1334 949 1394 paschatis
998 1340 1153 1389 nocte,
1203 1332 1382 1394 quando
1431 1333 1637 1379 liberatio

203 1407 318 1468 ipsis
343 1410 552 1471 contigit,
579 1410 797 1456 Israelitae
836 1410 878 1455 in
918 1409 1067 1456 medio
1105 1409 1214 1455 mari
1249 1409 1458 1469 baptizati
1491 1409 1632 1463 fuere,

202 1491 246 1531 et
271 1486 474 1533 Salvator
510 1493 683 1541 noster,
725 1493 857 1533 nocte
892 1487 1138 1547 paschatis,
1179 1485 1286 1531 lavit
1321 1485 1462 1546 pedes
1497 1485 1633 1532 disci-

200 1563 425 1622 pulorum,
464 1565 741 1625 Baptismum
781 1565 971 1624 mystice
1006 1564 1356 1625 significans...
1393 1564 1636 1624 Postquam

201 1645 365 1694 autem,
401 1640 594 1701 pedibus
633 1655 788 1688 eorum
826 1641 1009 1691 ablutis,
1041 1641 1263 1695 recubuit,
1302 1654 1468 1701 corpus
1505 1655 1634 1688 suum

203 1722 246 1762 et
271 1716 538 1778 sanguinem
566 1717 691 1764 dedit
717 1718 799 1765 eis.
837 1738 858 1759 n

265 1794 592 1841 Eucharistiam
630 1809 717 1855 qua
754 1794 1026 1841 sacrificium
1065 1802 1151 1849 est,
1190 1795 1454 1856 expressius
1491 1795 1635 1857 respi-

199 1882 303 1916 cere
329 1870 507 1917 videtur
532 1872 724 1932 Sapiens
751 1873 889 1918 Persa
915 1871 1009 1926 ubi,
1047 1872 1090 1916 in
1116 1873 1314 1930 Epistola
1338 1873 1453 1927 XVI,
1482 1878 1634 1920 osten-

199 1946 312 1992 dens
337 1947 478 1993 veteri
504 1948 769 1994 oeconomiae
796 1962 954 1994 novam
976 1948 1265 1994 substitutam
1287 1963 1390 1995 esse
1412 1955 1456 1996 et
1474 1955 1635 2011 gentes

200 2022 417 2070 inlocum
457 2025 612 2085 populi
647 2025 824 2071 Judaici
862 2025 1093 2080 suffectas‚
1123 2025 1397 2087 principium
1434 2026 1555 2073 istud
1592 2031 1638 2073 et

200 2098 244 2143 in
271 2100 508 2146 sacrificiis
534 2114 687 2147 verum
724 2101 1009 2162 comprobari
1049 2102 1116 2148 sic
1139 2102 1325 2162 exponit
1349 2099 1397 2166 (3)
1426 2118 1436 2148 :
1467 2121 1490 2144 «
1515 2102 1635 2148 Prae-

199 2174 313 2220 dixit
358 2176 489 2222 etiam
540 2177 759 2237 propheta
808 2183 970 2238 gentes
1017 2178 1117 2224 loco
1165 2178 1319 2238 populi
1369 2176 1635 2242 (Israelitici)

201 2251 431 2299 oblaturas
462 2253 701 2299 sacrificia.
746 2254 852 2300 Haec
888 2254 1005 2300 enim
1045 2260 1149 2300 sunt
1188 2254 1332 2314 ipsius
1367 2254 1503 2301 verba
1537 2252 1586 2316 (4)
1621 2270 1632 2300 ε

245 2394 293 2432 (¹)
319 2392 431 2427 Exod.
451 2393 523 2433 xu,
542 2395 596 2427 44.

245 2447 292 2487 (2)
321 2447 424 2489 thid,
443 2448 516 2487 xn,
533 2449 585 2481 Η.

244 2514 292 2553 (3)
318 2512 531 2556 Wright.,p.
559 2520 673 2567 *e*
699 2522 788 2557 seq.:
818 2514 926 2565 xaaut?
959 2502 1089 2552 §.fid-*ns
1119 2507 1224 2546 M
1253 2507 1352 2554 μω
1390 2507 1462 2559 μοὶ
1502 2515 1634 2549 *node

207 2597 312 2627 Q
351 2595 438 2637 *⁵52
484 2605 570 2654 ἡ
613 2592 684 2643 5301
733 2621 741 2629 .
800 2592 886 2637 Lan>
921 2592 1040 2631 ..ah-.-
1096 2594 1245 2638 μεῖν
1303 2603 1458 2644 aaa&
1511 2603 1632 2656 xcoen-³

247 2753 294 2790 (4)
321 2751 466 2785 malach.
489 2753 512 2791 Ι,
534 2754 584 2786 Η.
