1737 2950
166 261 293 314 Jesu,
331 260 580 307 Salvatoris
617 259 781 311 nostri,
822 258 1032 304 volvente
1070 258 1259 303 sabbato
1300 258 1472 318 requiei
1513 259 1611 311 Dei,

168 336 243 383 hic
277 338 472 384 mundus
509 337 790 383 dissolvetur
829 349 880 380 ac
917 334 1108 394 peribit3
1137 336 1294 388 Josuc,
1326 337 1444 380 Nuni
1472 336 1610 389 filius,

167 413 316 460 Achai·
340 415 406 473 (ι),
436 413 514 474 qui
541 413 776 459 anatliema
803 411 976 457 furatus
1003 417 1115 464 erat,
1142 411 1374 471 lapidavit,
1400 412 1611 466 etJesus,

169 492 374 538 Salvator
409 497 582 544 noster,
621 490 801 543 Judam,
841 489 1051 551 eofiquod
1091 489 1328 548 pecuniam
1365 503 1615 548 pauperum

167 567 469 628 subripiebat,
510 583 532 613 a
571 566 835 627 discipulis,
883 565 1130 611 comitibus
1169 566 1284 619 suis,
1326 566 1611 626 segregavit;

165 644 325 699 Josne,
356 645 474 690 Nuni
513 643 652 696 filius,
684 658 822 703 quum
861 650 1068 689 mortuus
1105 649 1191 696 est,
1224 643 1534 688 testimonium
1573 643 1616 687 in

167 722 338 783 populo
365 736 448 767 suo
476 721 680 781 reliquit,
706 726 751 766 et
774 722 928 774 Jesus,
954 720 1159 765 Salvator
1184 726 1359 773 noster,
1381 721 1425 764 in
1453 722 1617 765 eoelum

166 797 438 851 ascendens,
469 797 720 858 Apostolos
747 811 857 843 suos
884 802 1027 843 testes
1053 796 1307 842 constituit.

232 874 442 934 Nephtah
468 887 651 934 quoque
686 871 1080 935 persecutionem}
1096 873 1254 926 subiit,
1286 879 1329 918 et
1352 873 1487 918 Jesus
1514 887 1615 932 per-

165 950 449 996 secutionem
477 950 635 996 subiit.
668 951 875 1011 Nephtah
909 965 931 996 a
966 950 1183 996 fratribus
1209 964 1231 996 e
1258 950 1394 996 domo
1429 955 1617 1010 paterna

164 1028 326 1087 pulsus
352 1034 439 1080 est,
469 1033 513 1073 et
536 1028 672 1073 Jesus
693 1042 716 1072 a
744 1027 935 1073 fatribus
961 1033 1165 1080 vexatus,
1192 1027 1236 1072 in
1258 1041 1438 1073 crucem
1465 1033 1611 1079 actus,

165 1103 362 1164 huicque
398 1103 558 1149 affixus
592 1110 686 1158 est;
731 1105 960 1164 Nephtah‚
990 1110 1194 1155 vexatus,
1225 1104 1314 1149 dux
1347 1105 1504 1164 populi
1543 1103 1612 1149 sui

165 1180 327 1236 evasit,
352 1185 395 1226 et
429 1181 586 1236 Jesus,
615 1186 822 1234 vexatus,
855 1181 1122 1234 resurrexit,
1154 1187 1316 1241 estque
1351 1194 1427 1225 rex
1469 1194 1613 1240 popu-

166 1257 336 1310 lorum;
368 1257 577 1317 Neplitah
605 1263 759 1303 votum
787 1258 940 1303 emisit
965 1263 1009 1303 et
1044 1258 1179 1303 filiam
1213 1272 1339 1303 suam
1383 1258 1614 1317 primoge-

164 1335 303 1380 nitam
330 1334 496 1379 obtulit
524 1334 566 1379 in
591 1334 886 1390 sacrificium,
917 1341 960 1380 et
985 1335 1120 1381 Jesus
1147 1335 1247 1395 ipse
1274 1335 1395 1380 Patri
1422 1349 1505 1381 suo
1530 1349 1613 1394 pro

165 1411 377 1457 omnibus
404 1410 621 1470 gentibus
648 1417 859 1471 tanquam
886 1411 1066 1457 victima
1093 1412 1273 1458 oblatus
1299 1418 1387 1457 est.

232 1486 372 1533 David
394 1500 578 1546 quoque
604 1487 974 1546 persecutionem
996 1488 1154 1542 subiit,
1180 1495 1224 1534 et
1242 1489 1377 1534 Jesus
1398 1502 1612 1548 perseeu-

163 1565 333 1611 tionem
368 1564 528 1610 subiit.
560 1565 701 1611 David
746 1580 769 1610 a
808 1566 1017 1612 Samuele
1059 1572 1225 1613 unctus
1268 1573 1355 1621 est,
1401 1573 1449 1613 ut
1490 1574 1616 1613 esset

162 1655 240 1688 rex
287 1655 372 1702 pro
416 1641 567 1694 Saule,
616 1642 694 1702 qui
739 1650 1024 1702 peccaverat.
1071 1651 1115 1689 et
1156 1645 1292 1691 Jesus
1335 1645 1550 1691 unctione
1591 1660 1615 1690 a

161 1719 334 1764 Joanne
375 1717 571 1763 donatus
615 1724 701 1771 est,
747 1725 794 1764 ut
837 1725 960 1765 essct
1004 1720 1222 1766 sacerdos
1269 1735 1461 1782 magnus
1511 1723 1612 1768 loco

162 1795 453 1841 sacerdotum
492 1795 607 1854 legis
652 1797 1076 1856 praevaricatorum
1114 1798 1255 1843 David
1292 1806 1396 1858 post
1435 1801 1611 1845 unctio-

164 1886 266 1918 nem
306 1885 432 1917 suam
469 1878 656 1917 vexatus
694 1878 781 1926 est,
812 1878 857 1918 et
890 1874 1026 1920 Jesus
1057 1880 1163 1933 post
1198 1875 1458 1921 unctionem
1485 1890 1612 1922 suam

159 1954 348 1994 vexatus
374 1954 467 1998 est;
509 1946 648 1992 David
686 1948 881 2007 primum
921 1949 964 1993 in
1004 1951 1183 1996 unicam
1219 1951 1403 2006 tribum,
1429 1966 1479 1997 ac
1506 1952 1612 1998 dein

162 2025 207 2070 in
243 2037 424 2070 omnem
464 2023 677 2069 lsraelem
719 2037 910 2084 regnum
947 2025 1142 2086 adeptus
1174 2033 1259 2079 est,
1289 2034 1332 2073 et
1356 2029 1492 2074 Jesus
1519 2029 1612 2089 pri-

163 2115 283 2147 mum
323 2101 366 2145 in
403 2114 574 2160 paucos
611 2101 688 2161 qui
729 2101 819 2161 ipsi
859 2103 1148 2150 crediderant
1186 2105 1411 2165 regnavit,
1445 2105 1488 2150 in
1525 2106 1613 2152 fine

162 2183 310 2224 autem
347 2177 562 2223 universo
602 2177 770 2224 mundo
809 2179 1143 2233 dominabitur;
1177 2181 1391 2227 Davidem
1424 2182 1611 2241 triginta

161 2267 305 2300 annos
349 2259 501 2299 natum
544 2254 673 2300 unxit
717 2254 915 2310 Samuel,
962 2264 1006 2302 et
1042 2258 1197 2311 Jesus,
1244 2264 1375 2305 natus
1424 2259 1613 2319 triginta

161 2344 323 2384 annos,
355 2330 698 2391 impositionem
728 2346 939 2378 manuum
981 2348 1004 2379 a
1037 2335 1209 2381 Joanne
1242 2336 1441 2396 recepit;
1472 2336 1613 2382 David

162 2421 330 2454 uxores
367 2409 565 2468 sumpsit
601 2408 714 2455 duas
751 2410 877 2470 regis
916 2411 1050 2466 silias,
1093 2418 1136 2458 et
1170 2413 1306 2458 Jesus
1345 2413 1457 2459 duas
1496 2413 1612 2458 filias

164 2485 308 2545 regis,
338 2487 746 2547 congregationem
772 2501 934 2548 nempe
962 2490 1120 2549 populi
1149 2490 1389 2535 israelitici
1426 2497 1470 2536 et
1507 2504 1614 2535 con-

211 2658 257 2696 (1)
284 2657 322 2690 ln
342 2657 503 2700 vulgata,
523 2656 666 2691 Actum.
