1737 2950
770 153 1040 195 -63-

185 277 327 338 Syros
350 281 396 323 et
418 275 528 322 alias
561 281 723 337 gentes
747 276 991 322 orientales
1016 276 1214 336 vigente,
1244 281 1528 337 permutasse
1548 277 1621 324 vel

185 367 287 400 cum
325 352 506 400 nomine
539 352 852 399 ecclesiastico
876 352 1032 399 Jacobi
1058 352 1374 412 conjunxisse;
1404 353 1493 400 nisi
1519 353 1623 415 quis

187 429 311 476 malit
334 428 509 490 opinari
534 428 619 476 hoc
641 428 908 476 vocabulum
944 429 1032 489 ipsi
1059 428 1250 475 inditum
1269 429 1447 490 quando
1471 429 1622 476 Chris-

186 506 396 553 tianismo
415 519 498 568 per
521 503 802 567 Baptismum
829 505 1030 552 initiatus
1065 512 1152 559 est,
1185 520 1286 567 quae
1310 512 1458 553 tamen
1483 505 1624 567 hypo-

184 583 347 638 thesis,
375 590 423 630 ut
447 583 677 644 sapienter
711 584 904 630 advertit
929 583 987 630 cl.
1019 583 1291 645 Wrightius,
1320 583 1392 630 vix
1429 583 1624 644 aliquam

185 660 546 721 probabilitatem
577 661 664 707 sibi
697 661 896 708 vindicat
938 677 946 707 :
995 667 1100 708 tunc
1136 661 1255 708 enim
1292 661 1420 722 prius
1457 674 1622 707 nomen

186 737 304 784 inter
345 737 628 784 Christianos
666 737 881 784 oblivioni
926 737 1138 784 traditum
1174 744 1249 785 aut
1280 742 1403 784 certe
1439 737 1624 784 omnino

189 815 445 875 neglectum
471 814 649 861 fuisset.

601 1027 806 1080 CAPUT
844 1027 1206 1080 SECUNDUM.

219 1172 279 1208 nr:
298 1169 522 1208 TEMPORE
539 1171 596 1208 ET
618 1170 739 1210 Loco
764 1170 1057 1209 NAT1v1TAT1s
1078 1171 1136 1208 ET
1153 1169 1276 1208 virAE
1302 1169 1584 1207 arumnis

745 1308 1031 1338 ARTICULUS
1050 1308 1078 1336 1.

541 1411 728 1466 Quando
761 1412 966 1469 floruerit
1002 1412 1274 1470 Aphraates.

257 1541 445 1587 Ubinam
473 1546 517 1587 et
541 1555 631 1601 quo
666 1555 782 1588 anno
819 1547 949 1588 natus
987 1541 1046 1588 sit
1072 1542 1262 1601 Sapiens
1290 1542 1444 1595 Persa,
1481 1547 1627 1588 utrum

190 1631 243 1663 ex
263 1618 526 1677 parentibus
546 1617 825 1672 christianis,
845 1632 896 1664 an
919 1618 1166 1679 gentilibus
1187 1619 1320 1665 fucrit
1339 1619 1626 1680 progenitus,

194 1695 372 1749 nullibi,
401 1701 616 1755 quantum
642 1695 830 1749 scimus,
861 1696 1086 1741 memoriae
1113 1695 1339 1755 proditum
1363 1701 1433 1742 est
1457 1694 1524 1757 (1).

258 1769 454 1830 Tempus
476 1775 620 1816 tamen
645 1785 734 1831 quo
757 1771 934 1825 vixerit,
958 1771 1218 1831 scriptaque
1239 1771 1505 1832 vulgaverit,
1529 1784 1630 1817 cum

194 1845 489 1892 Barhebraeus
531 1847 750 1907 assignat,
797 1847 921 1892 illum
956 1847 1202 1906 perhibens
1237 1847 1452 1908 aequalem
1490 1846 1632 1893 fuisse

196 1921 344 1981 Papae,
374 1922 604 1982 Episcopo
631 1922 866 1977 Seleuciae,
896 1922 1150 1976 Philacillo,
1181 1922 1452 1969 Patriarchae
1478 1921 1632 1969 Antio-

196 1998 358 2052 cheno,
386 1997 632 2044 Athanasio
658 1998 837 2058 Magno,
867 1998 1063 2044 Eusebio
1101 1999 1363 2053 Hemesino‚
1393 1999 1632 2058 Ephraemo

196 2072 432 2127 Nisibeno,
484 2079 576 2118 tum
625 2074 723 2133 ipse
764 2080 921 2120 auctor
967 2074 1011 2119 in
1060 2074 1288 2120 nonnullis
1334 2075 1632 2121 Homiliarum

198 2148 312 2195 locis
353 2147 610 2195 accuratius
652 2149 837 2200 indicat.
876 2149 1005 2196 Circa
1039 2150 1172 2197 finem
1209 2152 1546 2197 Dissertationis
1580 2150 1634 2197 de

197 2233 336 2272 morte
358 2234 399 2272 et
425 2228 692 2285 temporibus
725 2228 916 2285 ultimis,
943 2229 1227 2274 Sermonibus
1262 2227 1422 2288 viginti
1456 2227 1634 2274 duobus

199 2315 332 2362 quos,
361 2301 566 2348 ordinem
590 2302 815 2362 alphabeti
835 2307 1037 2358 secutus,
1066 2307 1400 2364 composuerat,
1429 2302 1632 2364 singilla-
1705 2367 1707 2370 ἱ

200 2379 278 2424 tim
316 2379 575 2434 recensitis,
608 2380 704 2426 haec
738 2379 973 2441 subjungit
1004 2378 1052 2443 (2)
1081 2396 1090 2426 ε
1128 2399 1151 2422 «
1176 2380 1270 2426 Hos
1305 2381 1536 2427 Sermones
1567 2378 1632 2427 vi-

245 2528 292 2567 (t)
316 2527 489 2571 Georgius
506 2528 666 2572 gentium
680 2529 754 2571 jam
771 2527 1006 2572 profitebatur
1023 2537 1102 2563 sese
1121 2528 1196 2562 baec
1211 2532 1247 2562 et
1263 2527 1393 2562 similia
1408 2528 1464 2563 vel
1480 2526 1633 2569 nescire,

202 2581 255 2615 vel
274 2581 419 2615 nonnisi
437 2583 639 2625 conjectura
659 2582 800 2625 assequi
821 2590 940 2625 posse.
957 2583 1083 2618 Recole
1096 2591 1176 2625 quae
1189 2582 1427 2626 sup.,pag.lo,
1442 2582 1632 2618 habentur.

247 2649 292 2688 (Ξ)
321 2649 409 2684 Eun.
429 2649 573 2695 wright.
596 2660 628 2692 p.
648 2649 716 2682 >02
741 2669 748 2678 .
