1737 2950
752 189 1049 231 —148-

177 321 437 376 assumpta‚
483 314 591 360 exiit
626 314 670 359 in
705 313 938 374 regionem
982 313 1292 374 peregrimum
1342 313 1431 360 fide
1472 313 1613 361 audax

177 392 339 445 factus,
371 390 414 436 in
438 390 678 451 AEgyptios
705 389 951 436 infremuit.
988 408 1009 430 »

245 470 369 515 Hanc
389 469 436 515 S.
462 468 603 514 lsaaci
629 467 982 528 descriptionem
1009 473 1053 513 et
1079 467 1462 514 enumerationem
1489 465 1618 514 valde

176 546 353 593 affinem
378 559 481 592 esse
507 545 805 606 descriptioni
833 543 1062 604 Sapientis
1090 544 1241 590 Persae
1266 549 1394 590 antea
1419 543 1618 590 recitatae

177 623 422 683 unicuique
452 622 638 669 evidens
670 628 753 668 cst.
788 622 946 668 Utrum
982 626 1128 667 autcm
1168 621 1306 666 altera
1341 620 1395 666 ad
1433 620 1618 667 alteram

176 699 408 746 efformata
442 700 520 754 sit,
559 713 706 752 nemo,
751 699 838 745 nisi
878 712 974 744 mea
1017 712 1085 744 me
1129 698 1241 743 fallit
1281 698 1460 758 opinio,
1498 701 1620 744 certa

177 776 340 822 fiducia
367 776 658 837 pronuntiare
684 775 867 835 poterit,
897 789 950 821 eo
986 775 1055 821 vel
1094 775 1237 836 magis
1274 774 1394 835 quod
1429 779 1620 835 uterque

176 853 376 914 scriptor
408 853 615 914 Apostoli
652 852 775 898 Pauli
815 854 895 911 Ep.
933 853 993 898 ad
1027 854 1154 907 Heb.‚
1193 852 1272 906 XI,
1301 856 1486 899 secutus
1516 864 1621 898 esse

176 931 395 977 videatur.
424 929 631 976 Attamen
667 943 767 975 cum
795 943 847 975 ex
874 930 1218 990 comparatione
1244 929 1362 975 inter
1387 928 1620 975 amborum

176 1012 392 1053 tractatus
433 1007 487 1052 de
513 1005 687 1068 jejunio
733 1005 937 1051 instituta
982 1005 1340 1052 intellexerimus
1381 1003 1621 1065 Aphraatis

177 1096 315 1143 opera
356 1082 510 1128 Isaaco
554 1081 695 1127 fuisse
739 1082 941 1141 apprime
987 1081 1169 1142 cognita
1203 1079 1269 1144 (1),
1306 1080 1622 1142 probabilitate

179 1159 337 1205 saltem
381 1171 470 1203 non
514 1157 685 1204 carebit
727 1158 951 1203 sententia
994 1172 1095 1218 quae
1138 1157 1402 1211 affirmabit,
1455 1156 1621 1218 prioris

178 1236 416 1280 Homiliam
440 1234 494 1280 de
517 1234 605 1290 side
638 1234 881 1293 posteriori
919 1233 1037 1280 idem
1075 1238 1387 1294 argumentum
1425 1231 1622 1280 versanti

180 1312 279 1358 usui
308 1312 468 1358 fuisse.

244 1490 266 1549 ἕ
303 1491 346 1538 ⁸2.
391 1506 440 1537 DE
478 1504 759 1537 EPISTOLARUM
797 1505 1024 1537 APHRAATls
1063 1504 1262 1537 VERSIONE
1305 1504 1552 1537 ARMENIACA.

249 1634 358 1681 Cum
383 1635 591 1693 Epistoloe
615 1633 853 1694 Apliraatis
894 1633 936 1678 in
976 1633 1104 1694 Syria
1141 1633 1238 1693 ipsa
1263 1632 1551 1693 jampridem,
1576 1638 1625 1679 ut

181 1711 226 1756 in
254 1710 533 1771 paragrapho
558 1710 794 1770 superiore
821 1709 1035 1763 vidimus,
1066 1709 1294 1755 oblivione
1316 1723 1430 1770 pene
1450 1710 1623 1756 obrutae

183 1787 291 1841 sint,
321 1787 585 1833 auctoritate
613 1787 654 1831 in
683 1786 825 1846 patria
852 1792 1013 1847 negata
1052 1786 1168 1846 apud
1207 1785 1447 1832 Armenios
1483 1793 1624 1833 auctae

185 1870 305 1910 sunt.
354 1864 455 1910 Mox
496 1864 632 1917 enim,
682 1864 727 1908 in
770 1863 1087 1909 Armeniorum
1136 1863 1334 1924 linguam
1375 1863 1621 1917 translatae,

185 1947 475 2002 praestantem
524 1941 567 1986 in
616 1941 782 1987 litteris
832 1941 954 1986 illius
1009 1939 1160 2001 gentis
1216 1941 1364 1986 locum
1407 1939 1625 2000 deinceps

186 2018 439 2064 obtinuere.
487 2017 574 2064 Sed
617 2031 670 2062 ex
714 2017 864 2063 causis
913 2017 982 2062 vel
1031 2016 1255 2075 adjunctis
1301 2016 1433 2062 nobis
1479 2016 1626 2062 adhuc

188 2094 482 2154 incompertis
520 2094 684 2140 sactum
720 2099 806 2147 est,
845 2100 892 2139 ut
928 2107 1014 2139 non
1057 2093 1226 2138 ,Iacobo
1268 2093 1498 2153 Aphraati,
1545 2091 1625 2139 sed

185 2171 371 2222 Jacobo,
406 2170 634 2230 Episcopo
662 2170 902 2222 Nisibeno,
934 2169 1254 2215 tribuerentur.
1281 2169 1375 2215 Nec
1399 2173 1623 2215 recentem

187 2262 290 2295 esse
328 2246 582 2306 hujusmodi
626 2246 992 2306 suppositionem
1032 2245 1135 2291 inde
1172 2251 1310 2304 patet,
1353 2244 1474 2305 quod
1509 2244 1626 2305 apud

187 2323 482 2380 Gennadium,
520 2329 622 2367 ante
659 2322 813 2367 saeculi
853 2322 906 2366 Vl
948 2321 1122 2366 initium
1158 2321 1247 2366 vita
1282 2321 1501 2374 sunctum,
1535 2319 1626 2379 jam

232 2486 277 2524 (1)
303 2486 386 2518 Rem
406 2485 497 2518 lianc
513 2485 714 2518 evidentem
732 2492 812 2518 esse
829 2484 959 2518 asserit
975 2484 1018 2518 cl.
1042 2484 1183 2525 bickelh
1203 2482 1262 2526 qui
1282 2482 1385 2517 initio
1404 2482 1628 2517 Dissertatio·

189 2540 243 2572 nis
257 2541 298 2572 de
306 2540 443 2582 jejunio
461 2540 725 2581 (Ausyewc‘z'mce
745 2539 926 2581 Schriften
947 2564 1000 2580 ...‚
1021 2548 1052 2581 p.
1074 2540 1129 2578 52)
1149 2539 1224 2572 haec
1250 2541 1448 2581 praemonet
1465 2547 1473 2570 :
1492 2550 1511 2568 α
1528 2538 1628 2572 Diese

1702 2147 1725 2243 ‘at-r>
1703 2060 1721 2132 sn-
1699 1741 1732 2045 wc‘me-fivouz
1708 1622 1733 1733 ’.ψῃ
1724 1603 1726 1611 -

1702 2458 1708 2473 ⁴
1700 2419 1719 2444 ι’.
1695 2291 1725 2371 “tr-³
1706 2264 1717 2272 v

187 2593 423 2635 Abhandlung
455 2593 539 2637 liegt
567 2593 724 2628 deutlich
749 2593 829 2628 dem
858 2597 977 2627 ersten
1006 2593 1069 2626 der
1093 2601 1161 2627 von
1192 2601 1260 2626 uns
1289 2591 1545 2635 mitgetbeilten
1563 2593 1628 2626 Ge·

189 2647 308 2680 dichle
329 2648 448 2681 lsaaks
461 2656 530 2681 von
546 2647 757 2682 Antiochien
777 2647 866 2681 iiber
882 2647 946 2680 das
965 2649 1091 2681 Fasten
1112 2656 1152 2680 zu
1171 2646 1305 2680 Grund.
1326 2645 1421 2679 Viele
1436 2645 1632 2692 Gedanken,
1703 2679 1707 2683 ,

191 2701 260 2734 und
283 2701 486 2734 Ausdri'icke
503 2702 669 2735 stimmen
690 2701 849 2735 wortlicli
869 2701 1028 2735 iiberein.
1052 2716 1068 2730 n
