1737 2950
748 189 1018 230 -76-

169 316 256 363 sibi
294 315 476 361 inducat
511 315 584 361 illa
620 314 786 366 omnia,
823 327 923 374 quae
963 313 1324 368 memoravimus,
1361 313 1406 359 in
1441 313 1601 374 viginti

169 394 314 439 tribus
339 393 548 452 Epistolis
577 392 633 438 de
669 391 804 437 rebus
842 390 1079 451 religionis
1114 390 1353 452 agentibus
1387 396 1477 437 tam
1511 391 1603 437 alto

168 469 350 515 silentio
399 481 559 528 pressa
600 467 759 521 fuisse,
805 467 844 513 si
893 466 1049 513 eadem
1099 466 1296 527 scriptor
1337 466 1381 512 in
1421 464 1605 526 propria

168 546 355 606 regione
379 544 578 605 vigentia
603 549 646 590 et
670 557 774 590 sese
799 543 843 588 in
870 543 1032 590 iisdem
1057 542 1186 603 quasi
1212 542 1407 590 medium
1431 542 1603 590 consti—

168 628 310 669 tutum
335 621 553 668 vidisset?

233 701 456 747 Firmatur
497 701 731 747 conclusio
762 700 800 745 si
833 698 1105 752 attendatur,
1140 698 1194 744 ab
1230 711 1284 744 eo
1320 696 1604 744 Marcionita-

168 792 283 832 rum,
307 777 719 824 Valentinianorum
745 782 790 823 et
807 775 1156 821 Manichaeorum
1181 780 1330 821 sectas
1349 773 1600 835 gnosticas,

168 870 269 915 quae
296 861 402 902 tunc
427 855 655 915 praecipue
680 855 723 899 in
751 854 879 915 Syria
903 853 1109 900 orientali
1130 858 1173 899 et
1205 851 1392 898 Perside
1417 850 1605 911 pullula-

170 931 294 985 bant,
339 931 503 978 acriter
539 930 825 991 reprehendi.
869 928 919 975 ln
960 930 1280 975 Dissertatione
1316 927 1462 981 tertia,
1507 941 1606 988 quae

171 1014 241 1054 est
262 1009 315 1054 de
330 1009 521 1066 jejunio,
551 1008 656 1053 dum
683 1006 793 1053 illud
819 1006 963 1065 carpit
981 1004 1202 1064 Jejunium
1227 1003 1349 1064 quod
1374 1014 1606 1050 externum

171 1090 342 1130 tantum
391 1098 473 1129 nec
517 1098 617 1129 cum
663 1082 972 1128 mandatorum
1017 1081 1095 1126 Dei
1138 1079 1452 1126 observatione
1502 1093 1607 1126 con-

165 1160 369 1219 junctum
412 1166 498 1213 est,
546 1160 639 1205 haec
682 1158 854 1218 profert
886 1158 934 1218 (1)
971 1174 978 1203 :
1024 1175 1046 1199 «
1076 1158 1186 1202 Nam
1223 1163 1268 1203 et
1302 1156 1607 1203 doctrinarum

172 1236 394 1282 fallacium
438 1243 715 1290 sectatores,
755 1235 921 1281 diaboli
958 1235 1280 1289 instrumenta,
1320 1234 1524 1294 jejunant
1564 1239 1610 1280 et

172 1318 355 1371 peccata
380 1312 676 1366 confitentur;
702 1326 784 1358 nec
805 1317 873 1358 est
894 1312 969 1372 qui
996 1311 1062 1358 eis
1089 1311 1344 1358 mercedem
1370 1309 1602 1371 rependat.

173 1387 284 1443 Quis
310 1388 428 1434 enim
456 1388 688 1441 Marcioni,
718 1393 947 1434 auctorem
973 1393 1177 1433 nostrum
1203 1387 1368 1433 bonum
1394 1400 1497 1433 esse
1518 1399 1607 1432 non

172 1464 440 1519 confitenti,
489 1465 721 1524 praemium
765 1465 959 1510 tribuet?
998 1464 1108 1520 Quis
1161 1463 1368 1510 mercede
1425 1462 1610 1510 donabit

167 1541 386 1600 jejunium
418 1541 655 1594 Valentini,
685 1541 761 1601 qui
802 1541 1018 1600 praedIcat
1052 1541 1205 1600 plures
1238 1541 1379 1586 fuisse
1414 1540 1609 1586 factores

172 1631 298 1669 suos,
338 1616 559 1676 docetque
594 1618 732 1662 Deum
768 1616 1018 1676 perfectum
1058 1616 1125 1662 ori
1155 1615 1441 1670 ineffabilem,
1473 1615 1609 1662 menti

173 1707 275 1739 esse
303 1693 690 1753 investigabilem?
718 1693 828 1748 Quis
865 1693 1059 1752 denique
1096 1692 1453 1739 remunerabitur
1491 1692 1610 1738 filios

174 1771 476 1823 tenebrarum,
524 1770 649 1829 impii
693 1770 884 1815 Manetis
925 1770 1141 1824 asseclas,
1187 1770 1282 1830 qui,
1331 1769 1610 1830 serpentium

175 1860 314 1899 more,
355 1846 397 1890 in
432 1846 641 1892 obscuris
680 1846 794 1891 locis
838 1851 1172 1892 commorantur
1214 1852 1258 1892 et
1301 1845 1610 1892 Chaldaeorum

173 1930 309 1976 artes,
339 1922 635 1983 Babylonicas
663 1922 948 1981 disciplinas,
977 1923 1159 1968 colunt?
1183 1922 1394 1982 Jejunant
1428 1921 1610 1982 quidem

175 2002 218 2046 bi
245 2015 419 2053 omnes,
449 2007 492 2046 at
518 2001 718 2059 ipsorum
736 2000 957 2059 Jejunium
985 2014 1071 2046 non
1099 2007 1168 2047 cst
1192 2006 1444 2060 acceptum.
1473 2018 1495 2041 ι)

241 2077 373 2122 Aliud
413 2077 731 2122 adminiculum
767 2077 820 2121 ad
856 2076 1159 2122 definiendum
1194 2090 1388 2137 quonam
1425 2076 1468 2122 in
1511 2076 1612 2122 loco

174 2155 423 2214 Aphraates
460 2154 637 2208 vixerit,
679 2155 721 2198 in
759 2168 811 2200 eo
848 2155 984 2200 situm
1024 2161 1110 2209 est,
1151 2154 1270 2214 quod
1310 2153 1479 2214 saepius
1519 2167 1611 2199 me-

176 2237 320 2277 moret
367 2230 551 2290 Saporis
595 2231 631 2274 Il
681 2231 1059 2290 persecutiones,
1111 2236 1154 2277 et
1206 2229 1388 2291 quidem
1436 2234 1484 2276 ut
1525 2229 1612 2275 sibi

175 2308 561 2368 popularibusque
587 2307 682 2353 suis
710 2321 897 2367 graves;
927 2307 1092 2367 quibus
1118 2314 1282 2362 tamen,
1311 2312 1360 2353 ut
1383 2320 1436 2353 ex
1462 2305 1613 2352 omni-

178 2385 260 2430 bus
287 2383 486 2429 sontibus
514 2383 746 2429 historicis
771 2384 1019 2444 colligitur,
1044 2389 1208 2444 praeter
1228 2382 1478 2436 Persidem,
1501 2396 1612 2428 non-

178 2459 263 2505 nisi
291 2473 443 2519 paucae
469 2459 604 2505 urbes
631 2460 699 2504 vel
733 2460 994 2519 provinciae,
1021 2460 1074 2505 ad
1101 2459 1384 2506 occidentem
1409 2457 1613 2519 Tigridis

178 2535 380 2594 proxime
407 2533 505 2579 sitae
531 2540 575 2579 ct
609 2535 845 2580 Persarum
881 2535 1177 2582 dominationi
1207 2535 1418 2589 subditae,
1447 2540 1614 2581 vexatae

220 2702 267 2740 (1)
293 2699 503 2742 Wrightius,
524 2710 559 2743 p.
584 2690 649 2736 i—-1
684 2721 692 2729 ·
