1737 2950
746 128 1016 170 —25—

157 259 368 304 mitteret.
401 276 422 298 »
452 257 633 302 Factum
661 262 730 301 est
756 261 902 301 autem
930 254 1094 300 bellum
1124 253 1208 298 hoc
1246 258 1450 312 tempore
1482 250 1599 298 Con-

155 335 326 387 stantii,
375 334 453 380 lilii
499 333 802 386 Constantini,
845 331 978 392 paulo
1010 337 1112 376 ante
1149 330 1282 376 finem
1318 329 1421 375 vitae
1455 328 1597 382 illius,

153 412 218 458 uti
251 418 294 458 et
329 425 382 457 ex
418 410 607 456 historia
637 409 855 470 colligere
882 408 988 454 licet
1014 406 1080 467 (1).
1113 407 1176 451 Ex
1203 405 1406 465 ejusdem
1444 404 1600 464 operis

154 489 258 535 libri
295 489 349 535 IV
386 488 533 547 capite
573 485 632 532 29
667 484 731 547 (a),
762 485 837 531 ubi
876 484 1076 545 loquitur
1107 489 1264 530 auctor
1302 482 1356 529 de
1395 487 1600 541 tempore

152 566 352 612 Valentis
389 564 695 624 imperatoris,
734 564 829 609 liaec
860 561 1074 607 habemus
1111 577 1118 605 z
1153 580 1174 602 α
1200 561 1262 605 Ea
1300 560 1440 620 igitur
1470 563 1600 604 aetate

153 643 261 690 clari
284 647 412 689 erant
431 642 715 702 Ephraemus,
742 640 944 693 Edessae,
969 645 1012 685 et
1033 638 1270 698 Didymus,
1293 636 1595 690 Alexandriae,

153 722 409 768 scribentes
446 727 601 766 contra
640 719 870 765 doctrinas
907 717 1082 764 veritati
1120 716 1375 777 oppositas.
1406 735 1428 757 n
1457 716 1599 761 Porro

153 800 285 846 etiam
314 799 385 844 hie
411 811 562 844 sermo
589 803 659 843 est
685 797 740 842 de
768 796 822 842 iis
849 809 949 856 quae
983 795 1066 841 sub
1104 794 1238 840 finem
1271 794 1374 840 vitae
1399 793 1599 840 Valentis

153 877 267 922 faeta
293 882 416 928 sunt,
448 880 584 934 prout
607 874 768 919 iterum
790 887 842 918 ex
865 886 1013 918 rerum
1040 878 1269 932 gestarum
1294 869 1599 930 scriptoribus

154 954 348 1014 quisque
375 952 553 998 discere
581 957 748 1010 potest.

221 1031 278 1076 lis
319 1030 456 1091 igitur
497 1043 597 1089 quae
626 1029 668 1073 in
696 1034 906 1088 promptu
933 1033 1038 1073 sunt
1064 1025 1388 1086 praetermissis
1414 1025 1468 1070 ad
1496 1039 1596 1084 pro·

153 1109 370 1154 lixitatem
420 1106 647 1153 sermonis
696 1105 952 1158 vitandam,
1004 1104 1324 1151 verisimiliora
1381 1101 1599 1148 sectando

153 1192 367 1245 quantum
395 1197 659 1244 possumus,
691 1181 960 1234 invenimus,
990 1181 1095 1227 inde
1129 1195 1152 1226 a
1190 1188 1393 1240 tempore
1431 1179 1596 1238 primo,

154 1276 206 1308 ro
236 1275 394 1321 nempe
421 1275 510 1321 quo
538 1260 726 1319 scripsit
752 1265 908 1305 auctor
944 1259 1018 1304 ille
1056 1259 1195 1304 Persa
1229 1258 1408 1317 priores
1443 1256 1599 1301 decem

156 1341 401 1390 Semnones,
431 1350 576 1397 usque
603 1335 655 1381 ad
684 1335 727 1380 id
755 1342 934 1395 tempus
968 1349 1056 1395 quo
1095 1335 1252 1380 beatus
1289 1333 1383 1379 Mar
1414 1334 1599 1392 Ephrae-

157 1429 254 1460 mus
281 1420 438 1460 contra
463 1427 643 1459 errores
668 1412 812 1459 libros
839 1412 998 1466 edidit,
1028 1412 1124 1459 sive
1150 1426 1257 1472 quo,
1289 1416 1394 1471 post
1418 1410 1598 1456 Nisibin

156 1507 175 1535 n.
222 1491 376 1536 Persis
419 1496 612 1550 captam,
661 1504 713 1535 ex
758 1489 839 1535 hac
881 1489 1062 1535 civitate
1105 1502 1338 1549 egressus,
1379 1487 1598 1533 Edessam

155 1574 354 1622 venerat,
377 1582 520 1614 annos
543 1567 776 1614 effluxisse
803 1567 986 1613 circiter
1005 1566 1349 1627 quinquaginta.
1376 1564 1506 1621 Quod
1533 1564 1600 1610 sic

157 1645 395 1692 conficitur
438 1661 446 1691 :
490 1645 702 1705 ponimus
737 1644 790 1690 ab
828 1650 1013 1690 auctore
1051 1649 1208 1690 nostro
1246 1644 1385 1689 Persa
1420 1642 1600 1702 priores

156 1724 258 1769 illos
287 1722 346 1768 10
373 1725 605 1769 Sermones
629 1722 829 1782 scriptos
855 1735 958 1768 esse
984 1721 1114 1767 annis
1142 1719 1169 1766 8
1196 1721 1272 1782 qui
1311 1719 1601 1780 imperatoris

157 1800 302 1845 {idelis
333 1800 618 1845 Constantini
651 1805 841 1845 mortem
877 1804 1229 1859 praecesserunt.
1257 1798 1302 1843 Si
1328 1811 1436 1843 vero
1459 1794 1484 1841 8
1507 1796 1598 1841 illis

155 1877 284 1922 annis
311 1876 576 1935 adjiciamus
604 1875 664 1920 ⁶25
691 1890 833 1922 annos
859 1876 1025 1936 quibus
1052 1874 1258 1935 regnavit
1283 1872 1594 1925 Constantius,

158 1955 260 1999 item
296 1959 388 1999 tres
423 1966 565 1998 annos
603 1952 767 1998 Juliani
804 1958 848 1999 et
887 1952 1080 2006 Joviani,
1122 1965 1205 2012 per
1240 1964 1382 1996 annos
1420 1947 1480 1994 14
1514 1949 1596 1995 Va-

155 2031 287 2076 lentis
327 2029 613 2091 imperatoris
653 2030 907 2089 completur
945 2043 1118 2075 summa
1157 2027 1217 2074 50
1254 2041 1491 2081 annorum,
1532 2024 1596 2071 uti

156 2107 350 2153 diximus
374 2106 441 2168 (5).

155 2273 240 2304 cum
259 2273 378 2303 autem
396 2274 537 2304 constet
554 2269 692 2303 Nisibin
716 2269 898 2303 civitatem
919 2274 970 2302 ter
988 2277 1006 2301 a
1025 2270 1160 2311 Sapore
1177 2268 1364 2302 obsessam
1381 2274 1476 2306 esse,
1493 2267 1599 2300 annis

154 2325 317 2359 videlicet
344 2327 422 2366 358,
451 2326 516 2359 546
543 2330 578 2360 et
605 2328 682 2365 351,
712 2325 857 2359 aliunde
887 2333 981 2363 vero,
1013 2329 1050 2358 ut
1083 2324 1197 2358 fusius
1225 2322 1532 2358 demonstrabitur
1560 2323 1596 2356 iu

154 2381 261 2414 altera
297 2383 445 2422 huiusce
473 2381 599 2423 opellae
634 2387 745 2424 parte,
781 2381 930 2414 minime
962 2380 1111 2413 dubium
1146 2380 1321 2419 videatur,
1355 2381 1389 2413 S.
1423 2379 1597 2412 Jacobum

155 2444 186 2470 a.
205 2438 269 2470 558
287 2441 357 2469 vita
378 2436 552 2477 sunctum,
571 2436 735 2478 sequitur
751 2436 845 2478 apud
860 2435 1121 2469 Theodorctum
1137 2435 1180 2468 (le
1196 2434 1309 2477 prima
1328 2432 1598 2477 oppugnatione

155 2500 357 2526 sermonem
379 2491 466 2526 fieri.
486 2493 585 2535 Quod
604 2492 745 2536 egregie
767 2490 1002 2526 confirmatur
1025 2490 1195 2534 anonymi
1225 2490 1431 2524 narratione
1451 2491 1487 2523 Β.
1508 2490 1545 2522 Ο.
1570 2490 1597 2528 Ι,

146 2554 214 2590 pp.
232 2549 274 2581 30
292 2552 327 2581 ct
343 2549 396 2581 51.

196 2603 243 2643 (2)
270 2602 391 2644 capite
407 2602 450 2636 26
467 2602 551 2636 edit.
569 2603 598 2635 J.
624 2603 658 2636 L.
678 2601 838 2641 Schnlze3
859 2601 953 2644 apud
973 2601 1102 2644 migne,
1123 2605 1208 2636 tom.
1231 2602 1387 2634 Lxxxll.

198 2657 246 2696 (5)
271 2656 305 2689 Si
325 2665 381 2690 res
399 2656 601 2691 accuratius
627 2656 813 2699 dispicias.
833 2656 1012 2698 intelliges
1031 2663 1049 2688 a
1069 2660 1184 2690 morte
1210 2654 1434 2690 Constantini
1454 2656 1499 2695 (a.
1520 2655 1598 2693 357)

1462 2709 1489 2749 3
