1737 2950
764 211 1059 253 -288-

256 336 468 384 Concinit
509 336 554 384 S.
601 335 871 398 Cyprianus,
912 339 972 383 De
996 338 1316 385 Exhortatione
1355 340 1567 399 martyrii
1607 357 1618 386 :

194 416 402 470 «Primi,
455 415 618 476 inquit,
665 415 707 460 in
751 415 1057 475 dispositione
1104 416 1254 463 divina
1301 423 1474 478 septem
1522 417 1621 465 dies

189 507 408 540 annorum
442 498 616 552 septem
655 491 794 537 millia
830 492 1136 538 continentes.
1166 511 1188 534 »
1216 520 1277 527 —
1304 494 1359 540 Et
1381 493 1442 540 ad
1465 495 1617 540 Deme·

189 573 389 617 triana-m
409 569 465 616 de
491 574 760 616 senescente
787 568 953 615 mundo
977 569 1036 615 ita
1061 569 1223 616 scribit
1246 586 1254 615 :
1281 588 1304 611 «
1329 569 1456 616 Scire
1479 569 1620 617 debes

186 648 397 694 senuisse
433 647 523 706 jam
560 646 792 694 mundum.
833 659 922 692 non
959 646 1050 691 illis
1090 646 1262 693 viribus
1298 652 1419 693 stare
1454 647 1621 708 quibus

185 725 312 785 prius
338 730 542 777 steterat,
572 737 654 770 nec
680 724 837 784 vigore
863 728 907 769 et
932 723 1096 770 robore
1121 737 1175 770 eo
1201 723 1350 770 valere
1375 737 1466 785 quo
1490 729 1619 770 antea

183 802 470 862 praevalebat.
503 801 600 847 Hoc
626 800 819 846 mundus
846 799 944 860 ipse
969 800 1060 859 jam
1091 800 1309 860 loquitur,
1336 806 1382 847 et
1405 813 1616 847 occasum

182 879 252 924 sui
291 892 439 925 rerum
480 876 724 923 labentium
762 876 1032 937 probatione
1069 882 1261 923 testatur
1294 893 1303 922 ε
1344 891 1432 924 non
1471 877 1616 924 hieme

183 956 437 1002 nutriendis
458 955 710 1002 seminibus
745 960 866 1000 tanta
889 954 1100 1000 imbrium
1120 954 1277 1015 copia;
1299 968 1388 1001 non
1409 954 1617 1016 frugibus

183 1039 339 1080 aestate
369 1031 598 1079 torrendis
630 1031 763 1077 solita
797 1031 1030 1092 flagrantia
1061 1037 1155 1084 est;
1186 1045 1268 1078 nec
1298 1031 1365 1078 sic
1396 1046 1531 1078 verna
1561 1032 1616 1078 de

181 1109 400 1170 temperie
442 1123 521 1155 sua
569 1109 668 1154 laeta
715 1113 843 1161 sunt;
896 1122 978 1154 nec
1025 1108 1136 1154 adeo
1183 1108 1388 1155 arboreis
1433 1108 1616 1155 foetibus

182 1195 392 1236 autumna
427 1187 633 1235 foecunda
670 1194 791 1233 sunt.
840 1187 988 1234 Minus
1025 1187 1080 1234 de
1115 1187 1299 1234 effossis
1336 1192 1381 1234 et
1416 1187 1616 1249 fatigatis

182 1266 410 1312 montibus
452 1270 670 1311 eruuntur
715 1278 984 1310 marmorum
1027 1270 1211 1318 crustae,
1250 1264 1397 1310 minus
1439 1263 1614 1325 argenti

181 1348 225 1388 et
249 1342 344 1388 auri
370 1356 482 1402 opes
508 1346 763 1402 suggerunt
788 1340 1003 1386 exhausta
1032 1340 1122 1399 jam
1156 1340 1348 1387 metalla.
1379 1338 1544 1387 Deficit
1570 1341 1612 1386 in

179 1419 303 1480 agris
345 1418 560 1480 agricola,
606 1417 648 1461 in
688 1417 796 1462 mari
835 1423 983 1471 nauta,
1026 1417 1155 1463 miles
1193 1417 1234 1462 in
1274 1417 1453 1468 castris,
1486 1417 1614 1464 inno—

179 1496 326 1541 centia
346 1496 389 1540 in
413 1495 528 1549 foro,
554 1493 729 1553 justitia
757 1493 1012 1553 injudicio,
1043 1494 1086 1538 in
1113 1493 1325 1540 amicitiis
1350 1493 1610 1547 concordia,

179 1573 222 1618 in
257 1573 429 1619 artibus
465 1571 642 1632 peritia,
673 1570 715 1615 in
754 1571 956 1617 moribus
993 1570 1251 1630 disciplina.
1283 1570 1508 1616 Minuatur
1539 1584 1613 1616 ne-

177 1664 306 1697 cesse
353 1656 423 1696 est
468 1648 689 1709 quidquid
740 1647 826 1694 fine
863 1647 952 1707 jam
997 1648 1202 1708 proximo
1246 1647 1290 1692 in
1333 1647 1524 1694 occidua
1567 1653 1611 1694 et

178 1733 376 1774 extrema
412 1725 633 1784 devergit.
663 1725 768 1769 »Et
804 1738 905 1770 mox
944 1741 952 1770 :
993 1743 1015 1766 «
1043 1724 1148 1770 Haec
1184 1724 1408 1770 sententia
1445 1723 1613 1770 mundo

177 1803 278 1850 data
316 1809 404 1857 est,
442 1802 538 1848 haec
569 1801 649 1847 Dei
687 1801 756 1847 lex
794 1808 880 1854 est,
914 1806 962 1847 ut
995 1801 1145 1847 onmia
1178 1807 1274 1847 orta
1307 1800 1533 1855 occidant,
1567 1805 1613 1847 ct

176 1888 303 1928 aucta
328 1885 585 1933 senescant,
609 1885 652 1924 et
678 1879 962 1925 infirmentur
983 1878 1131 1933 fortia,
1158 1883 1202 1924 et
1222 1892 1381 1939 magna
1407 1878 1608 1924 minuan-

175 1965 264 2013 tur,
312 1965 355 2005 et
396 1972 497 2005 cum
539 1957 760 2002 infirmata
800 1962 844 2003 et
885 1956 1105 2002 diminuta
1147 1955 1328 2010 fuerint,
1376 1955 1603 2002 finiantur.

175 2035 284 2082 Cum
311 2035 419 2082 olim
445 2035 560 2081 ultra
587 2031 679 2079 800
700 2040 744 2080 et
764 2032 858 2079 900
881 2047 1024 2079 annos
1044 2033 1132 2079 vita
1153 2032 1383 2078 hominum
1403 2032 1607 2093 longaeva

173 2112 460 2172 procederet,
489 2111 560 2157 vix
600 2124 718 2156 nunc
753 2116 905 2170 potest
939 2110 993 2156 ad
1030 2109 1335 2156 centenarium
1374 2123 1606 2156 numerum

172 2189 426 2249 pervenire.
474 2187 620 2234 Canos
657 2187 862 2234 videmus
896 2187 940 2232 in
982 2187 1154 2247 pueris,
1200 2186 1351 2247 capilli
1393 2186 1609 2233 deficiunt

172 2271 409 2326 antequam
445 2270 669 2317 crescant,
709 2277 791 2310 nec
825 2270 933 2310 aetas
971 2265 1015 2309 in
1047 2269 1281 2310 senectute
1311 2263 1497 2318 desinit,
1525 2262 1605 2310 sed

172 2343 332 2404 incipit
372 2358 395 2389 a
435 2348 682 2389 senectute.
726 2341 801 2388 Sic
841 2342 885 2386 in
928 2347 1028 2388 ortu
1070 2341 1216 2387 adhuc
1251 2354 1334 2388 suo
1375 2340 1429 2386 ad
1471 2339 1604 2387 finem

172 2420 381 2466 nativitas
406 2424 637 2480 properat,
661 2418 729 2463 sic
748 2417 1066 2478 quodcumque
1087 2431 1205 2464 nunc
1225 2417 1425 2464 nascitur
1450 2416 1603 2464 mundi

171 2496 319 2557 ipsius
346 2502 578 2542 senectute
604 2494 865 2555 degenerat,
893 2500 941 2540 ut
972 2508 1102 2540 nemo
1139 2493 1289 2539 mirari
1320 2493 1480 2541 debeat
1513 2493 1603 2539 sin-

168 2574 273 2633 gula
299 2574 342 2619 in
370 2573 536 2620 mundo
563 2572 759 2632 coepisse
790 2571 1003 2626 deficere,
1033 2571 1212 2633 quando
1239 2575 1361 2617 totus
1393 2570 1491 2631 ipse
1509 2570 1600 2630 jam

170 2650 363 2696 mundus
398 2650 441 2695 in
472 2649 728 2696 defectione
753 2649 813 2695 sit
837 2655 881 2695 et
907 2649 950 2694 in
978 2648 1082 2694 sine.
1110 2667 1132 2689 »
1155 2647 1283 2694 Unde
1308 2652 1465 2708 postea
1491 2660 1599 2693 con·
1622 2712 1624 2714 Ι

170 2728 309 2774 cludit
333 2728 532 2788 scriptor
563 2745 570 2774 ;
603 2747 622 2767 «
648 2727 760 2782 Quia
780 2727 870 2786 jam
898 2727 1049 2772 mundi
1079 2726 1180 2771 finis
1207 2725 1250 2770 in
1277 2725 1484 2785 proximo
1507 2730 1592 2780 est,
