1737 2950
671 152 971 214 -127...

98 281 188 340 J'am
215 279 405 340 palmam
437 279 627 340 adeptus
653 285 749 325 erat
775 278 955 339 quando
982 277 1172 337 Sapiens
1201 277 1336 323 Persa
1362 276 1541 336 priores

103 358 260 404 decem
286 358 502 403 Homilias
525 357 579 403 ad
605 357 795 403 amicum
823 355 946 402 misit
971 355 1038 414 (1).

170 435 327 495 Neque
353 434 470 480 idem
495 440 566 480 est
591 433 790 493 scriptor
828 438 982 479 noster
1007 445 1106 477 cum
1135 430 1358 490 Aphraate
1386 431 1462 476 illo
1488 430 1544 476 de

104 525 194 572 quo
231 511 325 572 agit
365 510 678 558 Theodoretus
717 509 932 570 Cyrensis
968 515 1060 554 tum
1106 507 1147 552 in
1194 508 1412 567 Reliqiosa
1451 508 1541 553 his-

103 589 219 634 toria
244 588 311 649 (a),
341 593 432 633 tum
459 586 501 632 in
525 588 722 633 Historia
746 587 1050 632 ecclesiastica
1074 582 1121 646 (3)
1147 600 1155 629 :
1184 598 1272 630 non
1299 583 1417 630 enim
1444 597 1544 644 quae

105 664 243 711 refert
287 665 601 711 Theodoretus
649 664 741 710 ullo
790 663 953 717 modo,
1005 661 1152 722 quoad
1201 661 1304 707 vitae
1348 667 1542 721 tempus,

106 741 269 795 locum,
298 741 607 788 conditionem
644 748 688 788 et
727 755 894 793 mores,
922 753 1024 786 cum
1051 739 1107 785 iis
1135 738 1413 785 concordant
1445 753 1545 799 quae

105 833 243 880 supra
278 819 489 865 vidimus.
529 820 576 864 ln
610 817 750 878 priori
789 831 926 878 opere
966 817 1060 863 haec
1098 816 1291 877 legimus
1328 832 1335 861 :
1369 815 1546 872 «Quod

106 897 305 943 omnium
333 896 562 943 hominum
588 910 674 942 una
711 895 771 941 sit
809 902 962 941 natura
996 900 1040 940 et
1078 894 1388 954 philosophari
1418 893 1548 940 facile

107 974 168 1019 sit
189 973 464 1026 volentibus,
496 973 592 1019 sive
626 973 718 1018 sint
752 970 918 1023 Graeci.
950 971 1046 1018 sive
1080 971 1272 1023 barbari,
1301 976 1420 1016 etex
1448 971 1548 1017 aliis

107 1064 214 1097 sane
241 1051 393 1097 multis
418 1056 678 1111 promptum
712 1055 782 1095 est
814 1061 1113 1110 cognoscere,
1144 1055 1188 1093 et
1217 1053 1369 1107 aperte
1397 1062 1547 1094 mons-

108 1133 225 1174 trare
260 1128 510 1188 Aphraates
544 1140 660 1172 unus
699 1132 868 1186 potest.
909 1125 1050 1171 Natus
1086 1124 1205 1170 enim
1243 1125 1550 1185 educatusque

109 1205 225 1265 apud
261 1206 443 1259 Persas,
472 1210 655 1266 gentem
694 1203 1044 1264 iniquissimam,
1076 1209 1119 1248 et
1144 1217 1167 1247 a
1192 1203 1357 1249 talibus
1395 1217 1551 1263 paren-

110 1282 230 1329 tibus
256 1289 402 1336 orius,
432 1288 475 1328 et
503 1282 545 1326 in
573 1295 728 1328 eorum
766 1280 970 1327 moribus
1006 1280 1259 1333 institutus,
1297 1280 1350 1326 ad
1385 1287 1549 1326 tantam

109 1359 316 1420 pervenit
349 1359 578 1411 virtutem,
608 1364 656 1403 ut
680 1371 760 1403 eos
786 1357 1044 1403 obscurarit
1069 1357 1163 1417 qui,
1193 1371 1245 1403 ex
1271 1357 1361 1419 piis
1387 1358 1547 1418 geniti,

110 1436 368 1498 religiosam
418 1435 730 1483 educationem
779 1450 803 1480 a
850 1434 993 1494 prima
1040 1441 1171 1480 aetate
1225 1434 1375 1480 sortiti
1425 1441 1546 1480 sunt.

112 1515 308 1561 Primum
348 1514 466 1561 enim
501 1520 657 1574 spreto
691 1527 876 1574 genere,
915 1512 1035 1573 quod
1081 1513 1142 1557 illi
1180 1512 1346 1558 clarum
1383 1519 1476 1559 erat
1509 1518 1552 1559 et

111 1592 304 1645 illustre,
336 1585 529 1651 majores
563 1605 721 1652 magos
758 1590 973 1647 imitatus,
1008 1589 1062 1636 ad
1098 1590 1336 1636 Dominum
1363 1591 1551 1636 adoran·

110 1669 214 1715 dum
253 1683 302 1715 se
337 1668 562 1716 convertit
600 1684 608 1712 :
648 1667 812 1714 deinde
853 1667 1134 1728 popularium
1172 1681 1356 1713 suorum
1396 1667 1550 1727 impie-

111 1752 245 1792 tatem
289 1751 569 1799 exsecratus,
619 1744 852 1806 regionem
895 1751 1090 1790 exteram
1133 1744 1289 1804 patriae
1332 1744 1549 1804 praetulit,

113 1824 421 1885 Edessamque
469 1830 629 1884 petens
678 1822 762 1884 (est
810 1828 955 1869 autem
998 1822 1106 1868 urbs
1156 1822 1229 1867 illa
1278 1823 1466 1867 maxima
1510 1828 1554 1868 et

114 1902 352 1961 populosa,
385 1900 715 1961 religionisque
752 1900 874 1946 cultu
908 1901 1042 1960 longe
1069 1899 1334 1958 clarissima)
1368 1899 1552 1945 domun-

113 1979 256 2024 culam
284 1985 406 2025 extra
433 1978 594 2024 moenia
632 1983 808 2032 nactus,
840 1978 883 2023 in
922 1992 971 2024 ea
1008 1992 1057 2024 se
1095 1977 1295 2031 inclusit,
1327 1978 1369 2022 in
1395 1977 1554 2023 animae

114 2070 208 2102 suae
234 2070 386 2103 curam
413 2056 696 2109 incumbens,
727 2055 977 2116 optimique
1017 2055 1159 2101 instar
1184 2054 1396 2116 agricolae
1421 2053 1554 2101 affec-

156 2209 202 2249 (¹)
228 2208 400 2251 Equidem
419 2217 491 2243 non
509 2208 671 2252 intelligo
689 2208 871 2252 quomodo
900 2207 970 2242 sibi
1000 2211 1140 2242 constet
1166 2207 1210 2240 cl.
1230 2205 1440 2250 Wrightius,
1469 2204 1553 2238 dum

114 2263 243 2297 asserit
259 2263 340 2305 (Op.
358 2265 417 2298 cit.
438 2263 573 2307 praesat.
602 2274 635 2307 p.
656 2266 704 2307 7),
734 2267 926 2306 martyrem
957 2263 1069 2300 illum,
1100 2262 1155 2296 cui
1188 2270 1317 2296 nomen
1346 2262 1554 2303 Aphraaies,

114 2320 332 2360 temporibus
348 2319 523 2355 Simeonis
540 2320 738 2354 Barsaboes
754 2324 786 2353 et
803 2319 1010 2354 Schalidosli
1037 2319 1250 2352 anteriorem
1279 2326 1366 2356 esse,
1385 2322 1418 2350 et
1435 2316 1554 2351 statim

115 2373 251 2413 subdit,
268 2383 348 2409 eum
367 2378 441 2408 lum
460 2375 566 2408 morti
583 2374 755 2408 traditum
775 2374 887 2416 fuisse
903 2383 1010 2416 quum
1044 2374 1193 2413 Sapiens
1225 2373 1332 2405 Persa
1360 2375 1557 2412 postremas

117 2428 292 2470 epistolas
314 2430 560 2464 conscriberet.
579 2430 723 2464 Simeon
755 2430 934 2464 Barsaboe
959 2429 1084 2463 saliem
1116 2429 1160 2462 ab
1185 2437 1244 2462 an.
1269 2430 1333 2461 335
1360 2427 1557 2470 Episcopus

118 2482 196 2525 suit,
214 2493 256 2519 ac
273 2485 377 2527 proin
396 2484 494 2528 prior
511 2484 570 2518 ille
587 2483 871 2528 Aphraaiesjam
891 2488 974 2517 ante
991 2484 1086 2517 hunc
1102 2491 1236 2516 anuum
1264 2491 1393 2525 passus
1410 2486 1496 2515 erat.
1517 2483 1557 2513 Αι

118 2537 298 2581 Sapientis
332 2540 446 2573 Persae
478 2539 600 2573 decem
635 2539 799 2573 Homilioe
831 2538 970 2581 priores
1004 2538 1046 2571 ad
1080 2547 1110 2571 a.
1145 2539 1306 2577 358-537,
1340 2536 1486 2578 reiiquae
1514 2535 1556 2568 ad

119 2602 149 2627 a.
168 2595 317 2629 aze-3⁴⁴
333 2599 370 2629 et
385 2596 451 2630 345
468 2594 664 2629 referendae
682 2599 778 2629 sunt.

162 2649 210 2688 (Ξ)
235 2652 297 2691 Ap.
316 2649 443 2692 Migne.
463 2649 595 2683 Patrol.
616 2649 727 2683 Graec.
749 2654 833 2683 tom.
856 2650 1010 2688 Lxxxii,
1029 2649 1094 2682 eol.
1116 2647 1212 2681 ¹367.

164 2703 212 2742 (3)
239 2703 343 2742 ibid..
361 2703 453 2737 Hist.
473 2706 592 2737 eccles.
615 2703 675 2738 lib.
699 2704 751 2743 lv,
770 2712 846 2745 cap.
868 2704 968 2743 ΧΧΙΙ,
987 2702 1053 2737 col.
1076 2703 1170 2735 1186.
