1737 2950
687 126 984 169 —217—

548 360 753 412 CAPUT
792 359 1111 413 ALTERUM.

151 510 211 547 DE
248 509 513 547 APHRAATis
550 508 789 546 DOCTRINA
826 507 1035 553 EJUSQUE
1073 508 1373 547 HOMtLtARUM
1414 509 1503 547 USU

478 587 749 626 DOGMATICO
793 588 850 624 ET
889 588 1172 626 EXEGETICO.

662 720 948 750 ARTICULUS
967 721 995 748 1.

103 817 200 870 Qua
217 817 458 869 occasione,
479 829 617 874 quove
634 815 815 860 oonsilio
832 815 1084 873 Aphraates
1106 815 1320 859 Homilz'as
1339 814 1546 865 ediderit,

304 902 344 940 et
370 908 579 953 quoenam
603 895 665 939 sit
688 894 912 952 qeneralz's
938 895 1130 939 istarum
1158 893 1343 938 indoles.

167 1040 230 1086 De
251 1039 459 1086 doctrina
485 1039 712 1100 Sapientis
752 1040 902 1085 Persae
929 1052 1048 1084 nunc
1086 1038 1283 1084 breviter
1319 1037 1544 1098 agendum

100 1117 232 1163 nobis
280 1123 366 1163 est.
422 1114 555 1174 Quod
607 1117 800 1165 facilius,
849 1116 935 1162 nisi
982 1116 1129 1166 fallor,
1176 1121 1219 1162 et
1270 1115 1544 1162 luculentius

99 1193 404 1254 praestabitur,
444 1194 481 1240 si
521 1193 648 1253 prius
692 1193 1050 1239 lucubrationum
1093 1192 1190 1252 ejus
1232 1192 1538 1240 occasionem.

96 1285 304 1332 scopum,
355 1273 705 1333 generalemque
753 1271 971 1321 indolem.
1025 1285 1075 1317 ea
1124 1286 1210 1332 qua
1259 1285 1332 1316 res
1381 1270 1537 1330 perfici

96 1349 265 1408 poterit
300 1349 561 1410 diligentia.
604 1348 890 1409 inquisierim
926 1340 1061 1409 atque
1096 1348 1434 1408 explicaverim.
1475 1345 1540 1393 Ex

96 1425 166 1471 his
201 1426 320 1472 enim
364 1426 568 1486 apprime
611 1426 810 1486 cognitis
853 1426 1203 1486 perspectisque
1248 1424 1342 1471 fieri
1388 1424 1544 1485 nequit

95 1503 339 1563 quominus
366 1504 549 1564 aliquod
589 1504 746 1549 saltem
785 1503 935 1549 lumen
963 1502 1218 1549 affundatur
1243 1502 1537 1553 testimoniis,

95 1593 195 1640 quae
222 1579 416 1626 subinde
442 1580 764 1640 producemus,
797 1579 1106 1626 examinandis
1132 1585 1175 1625 et
1208 1578 1535 1639 intelligendis.

324 1760 346 1818 ξ
386 1761 430 1805 1.
473 1775 523 1806 ne
560 1775 815 1806 ΗοΜιιιΑκυΜ
853 1775 1075 1807 occAsmNi:
1114 1777 1161 1806 ΕΤ
1199 1776 1303 1808 FINE.

161 1894 283 1940 Haud
313 1895 452 1940 semel
474 1894 564 1953 jam
602 1895 856 1940 notavimus
887 1895 1040 1954 plures
1076 1909 1127 1940 ex
1165 1895 1404 1955 Aphraatis
1440 1898 1538 1942 Dis-

88 1973 411 2017 sertationibus
450 1971 490 2015 in
530 1972 647 2017 hunc
692 1972 822 2017 tinem
864 1978 1066 2018 exaratas
1107 1987 1228 2025 esse,
1268 1979 1315 2019 ut
1349 1988 1431 2034 per
1464 1988 1540 2020 eas

89 2049 296 2108 quaesitis
332 2048 564 2108 cujusdam
601 2049 761 2101 amici,
806 2050 846 2093 in
885 2056 1001 2096 statu
1040 2051 1291 2097 monastico
1328 2051 1538 2112 degentis

88 2132 132 2172 et
175 2126 437 2186 perfectiori
480 2127 824 2187 disciplinarum
868 2128 1214 2174 christianarum
1261 2129 1536 2189 indagationi

88 2203 266 2256 intenti,
298 2204 468 2249 solutio
495 2205 881 2265 suppeditaretur.
909 2205 1052 2264 Hujus
1079 2208 1338 2265 Epistolam‚
1369 2222 1456 2267 qua
1482 2208 1536 2253 de

87 2280 175 2326 fide
213 2281 445 2327 salutifera
482 2289 524 2327 ct
557 2282 774 2342 operibus
813 2296 865 2328 ex
901 2297 950 2328 ea
986 2283 1317 2343 prodeuntibus
1356 2285 1536 2331 diversa

84 2358 373 2409 sciscitatur,
428 2373 565 2419 supra
611 2359 660 2422 (ι)
709 2360 1018 2413 recitavimus;
1077 2361 1312 2422 ipsamque
1361 2363 1533 2408 auctori

85 2440 243 2481 nostro
270 2435 556 2482 occasionem
583 2436 727 2483 fuisse
755 2443 801 2483 ut
821 2439 1120 2484 Homiliarum
1140 2453 1322 2485 suarum
1344 2440 1531 2500 primam

84 2526 184 2572 quae
226 2513 284 2558 De
324 2513 412 2569 fide
453 2514 563 2574 agit,
612 2520 923 2574 componeret,
972 2521 1126 2576 aperte
1171 2523 1532 2563 commonstrant

129 2689 176 2726 (¹)
206 2689 307 2730 pagg.
328 2690 370 2721 68
388 2693 421 2720 ct
440 2689 494 2721 69.
