1737 2950
691 182 989 225 -327-

114 305 216 351 suit.
246 304 320 351 Ait
359 311 504 351 autem
544 305 764 366 propheta
789 304 836 368 (t)
877 322 886 352 ;
929 307 1031 351 Post
1067 307 1357 352 hebdomades
1391 315 1557 365 septem

116 384 463 444 Hierosolymam
511 385 674 430 iterum
721 384 1060 441 aedifioabiinus.
1114 385 1358 445 Postquam
1411 384 1555 430 Judaei

116 460 232 507 duce
267 460 410 506 Esdra
447 475 470 506 a
505 461 780 522 captivitatis
815 461 916 507 loco
950 461 1249 507 ascenderant
1270 467 1314 507 et
1340 462 1555 522 templum

115 543 350 584 exstruere
386 543 636 598 coeperant,
676 537 837 583 diebus
877 536 981 598 Cyri
1025 543 1069 584 et
1111 538 1231 583 Darii
1271 538 1555 584 fundamenta

116 613 299 674 quidem
339 613 521 659 aedilicii
555 619 824 674 posuerunt,
863 613 944 660 sed
986 613 1040 660 ab
1083 614 1308 669 hostibus,
1352 620 1556 675 tempore

116 690 256 743 Darii,
284 689 546 737 Artaxerxis
584 697 627 737 et
663 691 853 737 aliorum
879 705 1038 752 regum
1065 691 1322 745 Persarum,
1354 692 1558 752 impediti

116 775 237 822 sunt,
286 782 432 829 neque
474 768 663 814 facultas
706 767 762 814 iis
804 768 961 814 relicta
999 767 1081 814 fuit
1124 775 1170 814 ut
1213 768 1557 816 {edificationem

115 845 407 907 perficerent.
456 845 551 901 Qua
593 845 648 891 de
688 859 736 891 re
777 845 858 891 tibi
902 859 1121 906 exponam
1170 846 1277 906 quid
1328 846 1562 907 Scriptura

116 925 313 971 obscure
362 923 610 984 significet.
664 926 769 970 Haec
815 923 932 984 apud
982 924 1235 970 Zachariam
1292 925 1559 985 prophetam

117 1002 330 1062 leguntur
371 999 420 1063 (a)
466 1017 474 1046 ;
527 1001 626 1046 Vidi
671 1001 990 1046 candelabrum
1031 1003 1105 1046 oui
1151 1002 1346 1048 luoernae
1391 1010 1559 1061 septem

113 1081 420 1139 superpositoe‚
457 1086 500 1124 et
534 1080 733 1125 lucernis
766 1081 959 1139 singulis
993 1079 1217 1140 infusoria
1249 1088 1431 1140 septem,
1474 1082 1559 1128 hoc

116 1165 186 1204 est
225 1155 278 1218 (si
316 1170 534 1202 summam
578 1156 839 1216 subducas),
885 1156 1182 1218 quadraginta
1225 1172 1402 1212 novem,
1449 1165 1558 1219 quot

114 1235 218 1281 anni
246 1241 420 1295 septem
447 1233 806 1280 hebdomadibus
832 1234 1137 1282 eontinentur.
1166 1236 1307 1282 Porro
1334 1236 1378 1281 in
1404 1236 1558 1282 eadem

116 1313 353 1373 prophetia
391 1312 476 1358 ista
512 1312 738 1358 adduntur
763 1310 810 1374 (3)
842 1329 849 1357 :
879 1314 966 1358 Hoo
991 1321 1056 1359 est
1086 1315 1256 1359 Domini
1292 1316 1475 1372 effatum
1506 1315 1559 1360 do

115 1393 376 1438 Zorobahele
395 1409 408 1437 .·
428 1394 520 1438 Non
546 1393 593 1437 in
618 1395 839 1447 exercitu,
865 1407 944 1438 neo
968 1395 1014 1439 in
1035 1395 1198 1447 robore,
1219 1395 1297 1440 sed
1322 1397 1368 1439 in
1392 1397 1557 1453 spiritu

117 1483 225 1514 meo.
266 1469 408 1515 Antea
444 1476 590 1515 autem
628 1469 798 1515 dietum
836 1468 997 1530 crath)
1037 1487 1044 1515 :
1086 1473 1248 1517 Manus
1283 1472 1559 1517 Zorobczbelis

115 1545 414 1602 fundamenta
440 1547 628 1604 hujusce
653 1547 808 1591 domus
829 1555 1078 1605 posuerunt
1102 1555 1144 1592 et
1174 1562 1336 1593 manus
1360 1547 1557 1608 ejusdem

115 1636 213 1668 eam
246 1623 499 1681 perficient.
540 1623 699 1668 Totum
737 1623 876 1684 igitur
916 1630 1095 1684 tempus
1139 1639 1162 1669 a
1202 1625 1275 1670 die
1316 1639 1405 1684 quo
1441 1624 1560 1684 jacta

118 1705 222 1744 sunt
249 1699 403 1758 templi
432 1699 724 1745 fundamenta
749 1714 894 1760 usque
930 1700 984 1746 ad
1020 1701 1271 1747 absolutam
1297 1700 1560 1747 aedificatio-

118 1789 218 1821 nem
257 1776 555 1836 quadraginta
581 1790 740 1822 novem
767 1791 909 1823 annos
937 1778 1270 1837 complectitur.
1304 1778 1381 1823 Hie
1413 1783 1559 1822 autem

118 1859 292 1912 septem
323 1853 631 1899 hebdomades
659 1868 711 1899 ex
739 1854 829 1899 illis
856 1854 1141 1915 septuaginta
1167 1861 1287 1900 sunt.
1320 1854 1403 1906 En,
1433 1854 1561 1901 vides

118 1929 226 1990 quid
248 1929 478 1989 significet
502 1930 616 1975 visio
640 1930 898 1976 candelabri
925 1931 1135 1976 instructi
1161 1937 1335 1990 septem
1363 1931 1560 1976 lucernis

118 2007 283 2068 quibus
310 2014 415 2053 sunt
442 2007 659 2054 infusoria
689 2021 847 2053 novem
874 2013 918 2054 et
943 2009 1261 2069 quadraginta;
1299 2009 1403 2054 item
1431 2010 1560 2069 quale

117 2085 176 2130 sit
204 2084 380 2129 Domini
408 2084 462 2128 de
489 2084 763 2130 Zorobabele
790 2083 996 2137 ellatum;
1040 2085 1147 2145 quid
1174 2086 1229 2131 de
1256 2086 1344 2130 illis
1371 2087 1563 2145 quadra-

116 2161 242 2222 ginta
281 2174 438 2206 novem
476 2161 606 2206 annis
647 2161 952 2207 sentiendum.
985 2163 1095 2207 Post
1123 2163 1230 2208 istas
1258 2163 1562 2209 hebdomades

117 2251 241 2297 quae,
296 2243 499 2297 tempore
547 2237 868 2291 Zorobabelis‚
920 2238 962 2282 in
1012 2238 1357 2285 {edificationem
1405 2239 1562 2299 templi

162 2401 210 2441 (1)
236 2401 321 2433 Dan.
344 2401 397 2440 tx,
417 2399 470 2432 23.

164 2455 210 2494 (Ξ)
234 2454 379 2489 zachar.
401 2456 454 2494 tV,
473 2456 504 2488 Ξ,

163 2512 208 2548 [5)
238 2510 342 2549 thid„
361 2519 393 2543 v.
414 2512 446 2543 6.

164 2565 211 2597 (4)
239 2564 342 2602 thid..
363 2573 394 2596 v.
412 2565 446 2596 9.
465 2567 549 2597 Cum
583 2570 700 2599 autem
731 2571 914 2599 asseratur
941 2567 1008 2600 hoc
1031 2565 1174 2599 effatum
1208 2566 1242 2599 in
1269 2575 1371 2600 sacro
1399 2571 1494 2600 textu
1526 2565 1569 2598 iis

121 2629 322 2672 praecedere
350 2614 478 2671 (Q
507 2612 590 2680 ῥα)
615 2640 695 2673 quae
721 2631 841 2665 statim
868 2631 1014 2664 recitata
1045 2637 1142 2670 sunt,
1163 2641 1311 2665 necesse
1337 2636 1392 2665 est
1409 2632 1571 2665 dicamus

120 2684 175 2716 vel
204 2690 386 2718 auctorem
416 2689 587 2721 memoria
616 2688 754 2729 tapsum
785 2695 879 2725 esse,
903 2688 959 2719 vel
991 2686 1175 2720 librarium
1201 2688 1374 2721 mendose
1401 2687 1571 2729 posuisse

125 2741 242 2780 Q
275 2752 388 2802 ς-δο,
416 2752 692 2796 legendumque,
713 2762 744 2786 v.
768 2761 817 2796 g..
845 2745 981 2783 Mn>
1012 2754 1111 2802 ς.»
1142 2771 1148 2778 .
