1737 2950
778 198 1045 240 ,74-

248 323 345 367 Jam
371 335 478 368 vero
503 322 590 368 huc
615 321 842 382 pertinent
866 321 987 368 varia
1013 321 1177 368 indicia
1203 323 1408 384 negativa
1425 329 1470 369 et
1494 323 1615 383 posi—

186 398 290 451 tiva,
320 411 420 458 quae
445 411 497 444 ex
524 396 668 458 ipsius
705 397 891 458 scriptis
925 397 1141 457 colligere
1171 404 1257 452 est,
1286 398 1506 445 doctrinae
1530 398 1615 445 sci-

186 474 292 520 licet
313 474 475 534 capita,
501 474 680 520 nomina
699 475 899 535 propria,
925 474 1038 521 facta
1063 474 1279 521 historica
1297 479 1342 522 et
1359 475 1444 521 alia
1464 474 1615 534 huJus-

187 550 324 603 modi,
351 550 405 596 ab
429 564 483 597 eo
508 551 577 596 vel
603 551 785 597 silentio
811 550 1132 610 praetermissa,
1156 551 1227 597 vel
1253 556 1508 597 memorata.

252 627 312 673 Ut
336 640 386 673 ea
411 626 537 687 prius
563 632 798 688 tangamus
832 627 889 674 de
924 627 1090 688 quibus
1131 627 1232 674 silet
1268 626 1534 688 Aphraates,
1563 628 1618 674 ab

185 719 302 750 anno
326 704 509 751 circiter
534 703 627 750 320
654 704 790 764 impia
814 703 907 750 Arii
934 705 1122 752 haeresis
1148 705 1339 765 primum
1364 704 1616 766 proposita,

180 780 298 840 jam,
344 796 480 842 quum
519 782 593 828 ille
629 781 874 835 scriberet,
927 782 971 827 in
1024 787 1118 829 toto
1156 782 1346 842 imperio
1398 782 1614 829 Constan-

187 859 507 918 tinopolitano,
561 858 648 905 imo
691 859 736 904 in
778 859 1050 913 Occidente,
1103 859 1146 904 in
1193 858 1299 905 Asia
1334 858 1521 913 Minori,
1572 859 1617 904 in

188 935 441 987 Palaestina‚
472 935 516 980 in
543 934 670 995 Syria
699 935 968 981 occidentali
1002 935 1219 982 maximos
1251 935 1469 982 tumultus
1499 935 1616 982 exci-

185 1017 370 1063 taverat,
401 1011 515 1057 haud
543 1012 698 1071 paucis
724 1013 867 1058 errori
898 1012 1231 1059 adhaerentibus
1267 1026 1459 1073 eumque
1493 1017 1617 1059 tuen-

186 1088 324 1142 tibus,
361 1089 566 1149 pluribus
604 1103 710 1136 vero
750 1090 874 1135 illum
910 1095 957 1136 ut
994 1090 1237 1136 inauditam
1274 1094 1317 1136 et
1353 1089 1619 1150 sacrilegam

187 1166 428 1211 novitatem
470 1167 788 1226 respuentibus
830 1167 899 1213 vel
946 1167 1080 1213 etiam
1121 1166 1512 1228 impugnantibus.
1556 1166 1621 1212 Eo

187 1243 440 1302 praesertim
468 1248 671 1303 tempore
705 1257 795 1302 quo
829 1242 1046 1289 tredecim
1079 1242 1360 1303 posteriores
1395 1243 1619 1288 Disserta-

187 1321 327 1364 tiones
353 1319 617 1379 compositae
643 1325 748 1365 sunt
771 1324 904 1380 atque
929 1319 1079 1374 editae,
1108 1333 1226 1365 anno
1263 1332 1423 1379 nempe
1459 1316 1552 1364 343
1577 1322 1623 1364 et

188 1394 370 1440 biennio
402 1395 606 1454 proxime
641 1396 867 1456 sequenti,
907 1396 1050 1455 pestis
1081 1396 1156 1441 illa
1190 1409 1326 1456 supra
1361 1409 1494 1456 quam
1530 1394 1620 1440 dici

187 1477 339 1530 potest
377 1471 658 1517 invaluerat:
690 1472 859 1532 quippe
896 1485 1012 1532 quae,
1051 1485 1167 1517 anno
1205 1470 1317 1526 325,
1356 1470 1623 1517 auctoritate

189 1545 282 1592 318
320 1548 499 1593 Patrum
543 1547 738 1594 Nicaenae
776 1547 946 1608 Synodi
982 1547 1204 1601 damnata,
1237 1547 1513 1608 aliquantum
1551 1560 1619 1593 re-

186 1638 345 1683 pressa
368 1624 625 1677 videbatur;
655 1629 713 1677 at,
742 1625 966 1670 exstincto
991 1638 1106 1670 anno
1133 1623 1225 1668 337
1251 1624 1327 1684 pio
1353 1623 1622 1683 imperatore

188 1699 484 1746 Constantino
511 1707 554 1746 et
578 1700 767 1747 suffecto
789 1701 1071 1755 Constantio,
1101 1706 1238 1747 sectae
1263 1700 1443 1748 nesariae
1468 1699 1620 1746 addic-

188 1777 383 1830 tissimo,
411 1778 559 1823 denuo
584 1785 719 1838 caput
743 1779 975 1831 extulerat,
1004 1784 1063 1833 et,
1094 1778 1314 1838 principis
1339 1776 1623 1838 protectione

188 1854 313 1907 fulta,
342 1868 483 1899 novos
510 1861 553 1900 et
575 1856 714 1900 multo
741 1855 973 1915 graviores
999 1854 1139 1900 cierat
1158 1858 1323 1900 motus.
1354 1852 1624 1899 Incredibile

190 1928 315 1976 dictu
360 1937 429 1976 est
479 1937 643 1991 quanta
693 1931 973 1991 perturbatio
1014 1931 1153 1977 ferme
1195 1930 1362 1990 ubique
1404 1935 1622 1976 terrarum

188 2006 433 2051 christiano
477 2007 658 2052 nominc
705 2007 1013 2067 gloriantium,
1064 2012 1173 2066 quot
1220 2005 1414 2052 miseriae
1461 2005 1623 2051 exinde

190 2088 302 2126 natac
339 2082 445 2127 sint.
482 2083 584 2128 Haec
620 2083 834 2142 graphice
871 2082 1090 2127 describit
1121 2082 1380 2128 Vincentius
1416 2081 1622 2127 Lirinen-

190 2157 254 2202 sis
294 2157 342 2215 (1)
383 2174 390 2202 :
432 2177 453 2197 «
481 2158 617 2217 Cujus
655 2157 836 2218 quidem
877 2158 1096 2217 temporis
1138 2158 1359 2218 periculo,
1396 2157 1472 2211 ait,
1510 2156 1622 2203 satis

188 2248 416 2294 superque
443 2240 737 2280 monstratum
758 2241 844 2287 est,
868 2240 1081 2294 quantum
1102 2234 1335 2280 invehatur
1358 2233 1623 2280 calamitatis

191 2311 355 2356 novelli
389 2311 613 2371 dogmatis
648 2310 927 2356 inductione.
957 2311 1080 2356 Tunc
1105 2310 1330 2370 siquidem
1355 2323 1444 2356 non
1475 2309 1622 2356 solum

191 2400 337 2446 parvae
380 2400 471 2441 res,
511 2386 591 2432 sed
634 2386 766 2432 etiam
810 2386 1010 2432 maximae
1052 2385 1326 2432 labefactatae
1366 2390 1487 2432 sunt.
1528 2385 1623 2432 Nec

190 2464 307 2511 enim
341 2469 513 2510 tantum
545 2463 799 2517 affinitates,
840 2462 1153 2524 cognationeS‚
1187 2461 1412 2516 amicitiae,
1439 2461 1618 2516 domuS,

189 2554 343 2586 verum
379 2540 511 2587 etiam
547 2538 705 2594 urbeS‚
741 2539 913 2600 populi,
951 2538 1213 2600 provinciae,
1260 2538 1483 2593 nationeS,
1522 2537 1620 2584 uni·

234 2710 283 2749 (¹)
310 2709 348 2742 ln
367 2707 645 2744 Commonitorio
659 2709 830 2743 adversus
849 2708 1045 2750 haereticos,
1063 2716 1143 2752 pag.
1158 2709 1180 2742 4
1194 2707 1279 2743 edit.
1298 2708 1466 2743 Romanae
1477 2714 1509 2740 a.
1526 2707 1622 2753 ¹⁷³1,
