1737 2950
678 170 975 213 -2753-

97 293 322 340 edendum
372 294 588 355 praebuit;
637 295 727 341 illis
770 309 898 356 aquae
941 309 993 341 ex
1040 308 1150 355 rupe
1195 300 1455 350 manarunt,
1501 301 1546 342 et

97 370 302 418 Salvator
327 377 483 418 noster
508 386 648 432 aquas
668 372 793 418 vivas
820 386 843 418 c
870 372 972 418 sinu
1000 386 1084 418 suo
1107 371 1240 418 nobis
1266 371 1538 432 propinavit.

98 446 320 494 Advertas
357 447 611 501 carissime,
653 448 882 509 quomodo
928 449 1148 495 Dominus
1192 449 1463 509 praeceperit
1498 454 1546 494 ut

100 539 246 587 agnus
286 526 360 573 ille
403 526 629 586 paschalis
674 527 717 572 in
763 541 850 573 una
897 527 1058 582 domo,
1107 541 1194 574 non
1246 526 1288 573 in
1337 527 1545 588 pluribus

99 602 329 655 domibus,
369 603 580 650 ederetur
611 604 660 665 (ι)
702 620 710 649 ;
752 604 885 650 unica
923 605 997 650 illa
1035 604 1198 651 domus
1235 610 1306 651 est
1342 604 1546 651 Ecclesia

102 680 606 742 Dei.—Praescriptum
627 682 760 728 etiam
781 688 875 728 erat
895 690 947 728 ut
966 697 994 728 a
1012 684 1272 728 comestione
1283 690 1550 729 arcerentur

100 761 369 805 mercenarii
403 767 445 806 et
481 760 665 806 advenoe
689 759 738 822 (2)
778 776 789 806 :
827 761 1009 822 quinam
1048 767 1196 807 autem
1233 767 1339 807 sunt
1377 774 1547 807 merce-

103 837 215 882 narii
241 843 286 884 et
304 837 505 892 advenae,
531 838 618 884 nisi
641 838 668 883 ii
694 838 770 899 qui
799 853 1038 899 perversas
1064 845 1297 886 sectantur
1316 838 1549 885 doctrinas

104 920 148 960 et
183 914 351 974 quibus
390 915 492 961 ideo
537 929 624 961 non
670 915 777 961 licet
817 915 984 976 pascha
1027 915 1298 962 comedere?
1343 915 1406 962 De
1450 915 1552 961 istis

104 989 308 1037 Salvator
345 997 501 1038 noster
529 990 577 1054 (3)
621 1008 629 1038 ;
660 993 986 1047 Μενοεηανιάε,
1024 994 1156 1052 cujus
1189 1007 1277 1039 non
1310 1000 1418 1039 sunt
1454 1006 1553 1038 oves

99 1070 312 1127 propriae,
337 1072 495 1115 statim
520 1084 573 1115 ac
599 1070 712 1116 vidit
739 1071 896 1129 lupum
922 1072 1190 1120 venientem.
1222 1071 1378 1117 relicto
1401 1084 1551 1131 qreye,

103 1145 302 1208 ausuqz't.
330 1174 390 1180 --
412 1148 604 1207 Insuper
623 1147 742 1207 jussi
770 1154 875 1194 sunt
903 1148 1121 1194 lsi-aelitae
1143 1146 1192 1210 (4)
1216 1162 1304 1194 non
1329 1149 1554 1196 comedere

105 1236 162 1268 ea:
187 1238 303 1284 aquo
327 1225 520 1270 crudum
544 1225 669 1284 quid,
710 1226 775 1271 vel
809 1233 981 1271 coctum
1008 1240 1151 1284 aquen
1181 1225 1310 1285 cujus
1337 1226 1555 1287 praecepti

106 1300 383 1361 significatio
441 1302 677 1348 manifesta
726 1309 796 1348 est
850 1319 858 1349 :
912 1303 1188 1349 sacrificium
1244 1303 1457 1350 videlicet
1512 1304 1555 1349 in

108 1378 315 1425 Ecclesia
340 1379 420 1426 Dei
446 1378 599 1426 offerri
639 1380 825 1426 solitum
863 1381 968 1442 igne
1004 1381 1165 1435 assari,
1197 1395 1284 1427 non
1311 1395 1419 1427 vero
1445 1396 1558 1442 aqua

107 1462 288 1502 coctum
314 1462 389 1502 aut
414 1456 604 1502 crudum
632 1456 857 1504 adhiberi.
883 1485 937 1490 —-
967 1458 1072 1505 Haec
1094 1464 1313 1518 praeterea
1334 1457 1560 1503 mandavit

108 1532 228 1579 Deus
254 1532 302 1595 (5)
328 1550 335 1578 ;
360 1534 431 1579 Ita
456 1535 690 1580 comedetis
715 1549 883 1593 aymam
908 1553 918 1580 :
942 1549 1070 1581 renes
1097 1543 1266 1581 vestros
1291 1537 1553 1594 accingetis,

108 1611 414 1657 calceamenta
439 1613 487 1657 in
510 1613 697 1670 pedibus
722 1619 765 1658 et
790 1615 837 1658 in
874 1614 1082 1658 manibus
1107 1613 1286 1659 baculos
1311 1614 1554 1670 habebitis,-

111 1687 154 1733 in
204 1688 371 1749 quibus
414 1689 554 1735 latent
596 1690 974 1749 praestantissima
1018 1690 1250 1752 mysteria.
1311 1690 1396 1747 Qui
1438 1690 1558 1737 enim

111 1767 234 1813 vesci
261 1767 355 1813 vult
381 1767 582 1824 Christo,
611 1783 719 1814 vero
757 1782 894 1829 agno,
926 1783 1058 1815 renes
1086 1783 1196 1815 suos
1223 1768 1312 1815 fide
1337 1768 1554 1828 accingit,

111 1843 253 1903 pedes
299 1857 408 1890 suos
444 1844 540 1890 zelo
575 1859 658 1904 pro
700 1845 945 1905 Evangelio
983 1846 1152 1892 calceat
1187 1851 1230 1891 et
1267 1859 1397 1892 manu
1439 1844 1560 1906 gerit

108 1921 308 1981 gladium
342 1921 551 1980 spiritus,
584 1921 627 1966 id
654 1929 740 1973 est.
775 1922 851 1968 Dei
880 1923 1085 1969 verbum.
1119 1949 1179 1955 ——
1208 1922 1336 1979 Quod
1365 1922 1557 1969 ulterius

110 1998 334 2058 adjectum
360 2005 431 2045 est
456 2000 509 2059 (6)
541 2016 549 2046 ;
579 2001 766 2047 Nullum
804 2001 972 2046 ossium
1007 2001 1105 2058 ejus
1128 2001 1386 2061 frangetur,
1415 2000 1556 2046 adim-

112 2076 281 2136 pletum
319 2082 390 2123 cst
428 2076 502 2122 die
538 2091 625 2136 qua
662 2073 891 2122 Christum
936 2077 1275 2131 crucifixerunt,
1318 2078 1423 2123 dum
1467 2091 1557 2124 non

112 2153 240 2207 Jesu,
271 2152 352 2200 sed
380 2153 560 2199 illorum
587 2153 662 2214 qui
690 2168 791 2200 cum
818 2153 919 2214 ipso
945 2154 1149 2201 crucifixi
1176 2161 1304 2201 erant
1327 2154 1560 2214 fregerunt

115 2244 269 2285 crura;
298 2230 419 2277 unde
445 2230 637 2277 advertit
673 2231 961 2292 Evangelista
987 2231 1035 2290 (τ)
1069 2238 1176 2278 tunc
1212 2233 1410 2278 evenisse
1443 2232 1559 2290 quod

160 2399 210 2439 (1)
235 2398 349 2433 Exod.
367 2399 441 2439 ΧΙΙ,
461 2399 516 2433 48.

161 2452 210 2493 (Ξ)
237 2453 342 2495 1bid.‚
360 2462 393 2487 v.
413 2455 468 2487 45.

162 2509 211 2549 (3)
234 2510 337 2543 Joan.
357 2510 397 2549 Χ,
416 2510 469 2542 ¹2.

163 2565 212 2603 (4)
238 2563 350 2598 Εποα.
370 2564 444 2603 ΧΙΙ,
463 2565 497 2597 9.

165 2620 212 2659 (ὅ)
239 2618 344 2659 thid..
362 2619 504 2658 ΧΙΙ,Η.

163 2675 210 2713 (6)
238 2673 342 2716 thid„
362 2673 437 2713 ΧΗ,
455 2673 509 2706 46.

163 2730 209 2768 (7)
235 2730 337 2762 loun.
360 2728 444 2768 xlx,
463 2729 516 2761 36.

1404 2778 1457 2818 20
