1737 2950
637 163 934 208 -125-

79 304 223 337 annus
256 304 345 350 quo
370 290 424 335 ad
460 290 668 351 dogmata
706 288 925 336 catholica
958 289 1124 335 tuenda
1166 296 1210 335 et
1252 289 1517 336 illustranda

80 368 297 413 calamum
336 367 529 428 primum
565 368 752 421 acuerit,
792 373 956 420 tamen,
993 367 1031 412 si
1068 366 1317 413 attenderis
1356 368 1515 414 molem

82 460 268 506 operum
290 445 404 505 ejus,
432 453 516 492 tam
539 461 692 492 eorum
731 460 831 507 quae
853 446 894 491 in
922 445 1122 491 editione
1148 446 1346 491 Romana
1374 447 1515 492 conti-

83 528 244 570 nentur
279 537 411 584 quam
447 523 638 570 aliorum
664 538 764 584 quae
790 523 1007 583 deinceps
1034 522 1153 568 edita
1179 528 1284 568 sunt
1306 528 1349 568 et
1375 523 1520 569 adhuc

85 599 127 645 in
148 601 246 648 dies
266 601 460 647 eduntur
479 602 546 662 (1),
573 602 666 647 sive
687 617 724 647 a.
754 600 864 655 373,
882 601 977 647 sive
998 607 1156 661 postea
1176 614 1276 647 eum
1296 607 1519 647 mortuum

83 694 186 726 esse
208 694 368 740 ponas,
399 680 580 726 fatearis
608 695 796 727 necesse
822 680 922 735 erit,
954 679 1078 726 illum
1107 693 1192 726 non
1217 680 1260 725 in
1288 686 1522 726 senectute

83 762 271 807 tantum.
302 763 349 803 ut
384 758 478 803 vult
510 757 751 818 Georgius.
775 757 854 804 sed
881 756 956 803 diu
983 764 1085 802 ante
1122 763 1297 803 aetatem
1334 771 1522 818 provec-

84 834 245 880 tiorem
288 834 491 881 scribere
534 835 796 895 incoepisse.
845 835 996 895 anue
1040 834 1264 880 sententia
1311 834 1523 893 majorem

85 912 229 958 adhuc
256 912 525 958 evidentiam
552 913 770 973 acquiret,
798 913 834 959 si
863 912 1072 958 admittas
1094 927 1193 973 quae
1215 912 1256 957 in
1281 915 1405 959 Actis
1428 913 1523 972 ejus

86 996 129 1036 et
166 990 209 1035 in
253 992 361 1036 Vitoe
396 992 648 1050 compendio
684 992 732 1051 (a)
778 996 1015 1036 narrantur
1055 991 1110 1036 de
1135 991 1387 1037 ‚itineribus
1425 1006 1525 1052 quae

86 1067 263 1114 demum
290 1073 396 1129 post
415 1068 608 1114 Nisibim
635 1068 789 1115 Persis
810 1084 847 1114 a.
875 1067 968 1114 363
990 1068 1195 1114 traditam
1219 1068 1261 1113 in
1283 1070 1525 1130 AEgyptum

87 1152 130 1191 et
169 1145 211 1190 in
252 1145 581 1207 Cappadociam
620 1147 919 1208 suscepisset.
961 1147 1235 1207 Quamquam
1269 1147 1526 1207 hujusmodi

87 1223 380 1277 adminiculo,
411 1238 511 1270 cum
554 1224 749 1271 firmiora
788 1224 952 1278 adsint,
991 1224 1122 1270 nobis
1160 1239 1275 1284 opus
1311 1239 1398 1271 non
1436 1232 1522 1271 est.

87 1299 265 1347 Asserit
290 1301 409 1347 enim
436 1301 493 1347 cl.
526 1302 698 1348 Bickell
723 1307 767 1347 et
802 1302 993 1348 internis
1031 1316 1212 1363 quoque
1248 1303 1528 1363 argumentis

87 1377 369 1425 demonstrat
394 1379 460 1440 (3),
485 1394 539 1425 ex
560 1381 846 1426 Carminibus
878 1381 1097 1426 Nisibenis
1124 1379 1208 1425 alia
1233 1394 1270 1425 a.
1304 1378 1414 1432 359,
1446 1380 1529 1425 alia

88 1470 126 1503 a.
160 1454 272 1511 358,
302 1457 387 1503 alia
405 1457 495 1516 jam
523 1472 561 1503 a.
595 1456 688 1503 350
715 1457 968 1518 composita
992 1472 1112 1504 esse.

157 1534 251 1581 Etsi
291 1534 430 1596 igitur
462 1543 668 1582 accurate
704 1535 894 1581 definire
936 1550 1023 1582 non
1067 1550 1312 1596 possumus
1350 1542 1530 1597 tempus

89 1628 178 1674 quo
206 1619 414 1674 tanquam
453 1614 653 1674 scriptor
692 1614 936 1660 innotuerit
972 1613 1256 1673 Ephraemus‚
1288 1614 1330 1659 id
1371 1616 1530 1662 saltem

90 1691 363 1737 concludere
399 1691 520 1744 licet,
560 1691 805 1752 Georgium
851 1691 1051 1752 gentium
1098 1692 1280 1737 nonnisi
1323 1693 1459 1738 multa
1485 1693 1529 1738 in

92 1783 215 1814 suam
256 1769 525 1816 sententiam
569 1777 735 1830 praeter
777 1770 958 1816 modum
1004 1771 1223 1817 trahendo
1261 1786 1313 1818 eo
1352 1771 1530 1817 tandem

91 1847 349 1901 devenisse,
390 1854 438 1894 ut
480 1849 762 1910 contingeret
805 1849 950 1903 illam,
998 1864 1128 1909 quam
1167 1851 1528 1905 memoravimus,

91 1925 419 1986 quinquaginta
450 1926 634 1972 circiter
669 1941 888 1973 annorum
923 1927 1197 1973 distantiam.
1239 1928 1332 1984 Qua
1368 1927 1530 1988 agendi

93 2003 264 2049 ratione
303 2017 355 2050 eo
393 2004 537 2064 magis
574 2004 913 2050 admirationem
951 2011 1116 2059 movet,
1166 2005 1286 2065 quod
1325 2006 1410 2051 tale
1449 2005 1529 2066 fig—

94 2088 290 2129 mentum
319 2082 406 2144 ipsi
433 2083 556 2128 nullo
596 2083 729 2129 modo
758 2083 1063 2130 necessarium
1091 2083 1174 2129 suit
1199 2083 1252 2128 ad
1280 2097 1359 2129 eos
1399 2083 1532 2128 rosel-

95 2159 272 2214 lendos,
312 2160 389 2221 qui
425 2158 694 2221 Aphraatem
744 2160 791 2206 S.
844 2160 1086 2221 Ephraemo
1122 2160 1372 2206 auditorem
1416 2159 1531 2206 assi-

94 2243 340 2298 gnaverant
368 2254 376 2284 :
409 2238 521 2284 satis
557 2238 728 2299 quippe
753 2245 848 2285 erat
873 2244 921 2284 ut
947 2239 1072 2284 illum
1096 2239 1380 2299 aliquatenus
1407 2245 1530 2284 ante-

22 2370 24 2372 ,
96 2315 261 2362 riorem
285 2315 428 2363 fuisse
453 2322 700 2371 constaret,
730 2321 775 2364 et
808 2331 860 2364 ex
887 2316 1024 2363 dictis
1050 2316 1093 2362 id
1130 2316 1415 2362 manifestum
1443 2321 1529 2361 est.

161 2393 363 2448 Idcirco,
412 2394 579 2454 rejecta
622 2394 741 2440 inani
778 2394 1140 2454 computatione,
1191 2394 1328 2453 longe
1373 2392 1533 2453 praefe-

98 2469 282 2517 rendam
328 2471 536 2518 ducimus
584 2471 883 2525 sententiam,
936 2486 1068 2531 quam
1119 2477 1353 2530 postremo
1403 2471 1530 2522 loco,

142 2624 188 2663 (t)
212 2623 338 2659 Recole
356 2633 436 2667 quae
453 2633 532 2667 pag.
554 2626 616 2658 ¹¹5
634 2625 701 2658 sub
719 2634 816 2658 num.
839 2626 851 2657 t
876 2623 1091 2658 notavimus.

143 2678 188 2718 (Ξ)
216 2680 251 2712 Β.
271 2680 309 2712 0.
332 2680 357 2718 Ι.
377 2688 411 2721 p.
433 2679 476 2713 25
491 2687 591 2722 seqq.

144 2735 192 2775 (3)
218 2733 338 2768 Carm.
362 2733 497 2775 Nisib„
516 2734 674 2778 prolegg.
695 2744 729 2777 p.
749 2735 769 2768 6
787 2742 887 2776 seqq.
