1737 2950
682 176 950 220 ..43-

96 302 356 351 considerat
398 303 507 364 quid
548 304 686 364 legat,
734 301 937 362 illudque
978 308 1112 361 prout
1159 300 1381 360 scriptum
1417 301 1538 360 Jacet

97 379 330 442 intelligit.
361 379 595 441 Ejusmodi
630 378 872 427 sententiis
905 378 1239 424 annumeranda
1273 383 1379 424 sunt
1403 379 1539 425 verba

95 472 197 519 quae
245 472 364 505 nunc
411 457 698 505 Fraternitati
739 462 827 503 tuae
872 455 1168 503 dubitationis
1211 470 1346 502 causa
1393 456 1534 504 suere.

96 535 273 582 Etenim
309 550 412 582 cum
448 535 651 583 audisset
687 533 882 595 Sapiens
919 535 1058 581 Persa
1092 534 1244 580 divum
1269 532 1538 594 Apostolum

97 613 284 660 Paulum
319 612 546 660 dicentem
593 629 602 660 :
641 614 902 659 Seminatur
942 626 1102 670 corpus
1142 612 1354 665 animale,
1387 622 1540 671 sui-yet

96 702 255 749 corpus
278 690 504 749 spiritale,
534 689 625 737 vim
650 703 701 736 ae
728 703 914 736 sensum
939 688 1073 749 hujus
1095 688 1215 735 effati
1240 702 1328 735 non
1355 703 1539 736 assecu-

96 771 188 821 tus,
225 766 330 813 inde
370 766 593 814 adductus
636 772 706 814 est
744 766 799 813 ad
834 766 930 813 haee
973 766 1215 813 scribenda
1251 782 1258 811 :
1298 785 1320 808 «
1353 766 1542 823 Quando

98 844 351 891 moriuntur
386 845 610 898 homines,
650 844 861 906 spiritum
898 844 1134 891 animalem
1175 843 1324 891 medio
1362 845 1406 890 in
1448 859 1543 891 cor-

95 936 208 984 pore
221 922 425 984 sepeliri,
447 923 580 984 eique
600 937 783 970 sensum
804 922 966 977 adimi;
989 928 1032 969 at
1049 922 1267 983 Spiritum
1288 923 1539 977 coelestem,

96 1013 231 1061 quem
256 1006 542 1060 acceperant,
572 999 695 1046 abire
720 999 774 1045 ad
802 1004 1003 1046 naturam
1037 1013 1163 1045 suam
1192 999 1245 1045 ad
1280 999 1539 1052 Christum;

96 1092 234 1138 porro
277 1083 512 1139 utramque
555 1092 647 1125 rem
695 1077 827 1124 nobis
864 1077 918 1123 ab
955 1075 1176 1138 Apostolo
1216 1077 1543 1123 manifestatam

97 1167 218 1209 esse,
262 1155 380 1201 hunc
417 1155 536 1201 enim
574 1154 748 1201 dixisse
778 1171 786 1199 :
825 1155 993 1213 Corpus
1029 1155 1293 1200 animaliter
1329 1155 1546 1213 sepelitur

94 1239 137 1277 et
174 1232 481 1290 spiritualiter
522 1238 743 1289 resur-(set.
793 1250 813 1271 »
866 1232 1143 1290 Quamquam
1188 1230 1342 1290 posuit
1389 1236 1545 1276 auctor

97 1313 254 1354 noster
277 1321 436 1355 vocem
469 1309 687 1366 sepelitur
712 1308 814 1354 loco
841 1307 967 1353 vocis
993 1309 1265 1360 seminatur,
1296 1306 1391 1353 sive
1417 1306 1542 1352 codi—

96 1399 194 1433 cem
219 1393 406 1432 secutus
431 1399 565 1446 quem
592 1391 698 1432 tunc
724 1399 817 1446 prae
844 1385 1051 1431 manibus
1077 1384 1280 1438 haberet,
1303 1384 1399 1430 sive
1421 1385 1541 1444 quod

98 1462 248 1509 forsan
270 1462 464 1509 voluerit
485 1463 583 1523 ipse
603 1462 845 1509 lectionem
864 1461 1169 1521 mutarejuxta
1185 1462 1318 1507 finem
1334 1461 1421 1506 sihi
1444 1475 1546 1521 pro·

96 1540 295 1601 positum
315 1538 380 1600 (i),
398 1546 445 1586 ut
466 1554 627 1601 nempe
644 1540 858 1601 probaret
875 1539 1086 1600 spiritum
1107 1539 1342 1586 animalem
1362 1540 1543 1598 sepeliri

96 1699 132 1734 in
162 1699 330 1734 versione
360 1699 495 1740 Latina,
528 1704 793 1743 consequenter
826 1700 1008 1743 prioribus
1047 1701 1276 1744 aliquatenus
1322 1703 1541 1736 immutanda

96 1758 230 1789 essent.
252 1756 289 1788 in
308 1755 375 1789 hac
392 1755 501 1798 igitur
518 1756 709 1798 hypothesi
727 1756 845 1790 locum
865 1759 1080 1799 praesentem
1107 1756 1153 1790 ita
1185 1756 1284 1791 reddi
1311 1766 1418 1800 posse
1443 1763 1544 1801 puta-

96 1811 272 1846 verim
291 1811 415 1853 forsan
429 1811 578 1844 voluerit
594 1811 669 1852 ipse
687 1812 870 1845 tectionem
888 1815 1029 1845 mutare
1043 1813 1295 1846 convenienter
1312 1814 1358 1846 ad
1375 1814 1546 1847 orationis

95 1869 364 1908 argumentum,
382 1865 596 1907 affirmando
612 1866 742 1899 scilicet
760 1866 903 1906 sepeliri
919 1866 1092 1905 spiritmn
1109 1867 1348 1899 animalem...
1368 1868 1408 1899 At
1440 1867 1544 1906 nihil,

97 1929 176 1956 mea
193 1921 337 1964 quidem
356 1920 548 1958 sententia,
569 1925 602 1954 te
626 1920 722 1964 cogit
752 1924 791 1954 ut
819 1920 913 1963 apud
933 1920 1146 1963 Wrightium
1177 1925 1211 1954 et
1241 1921 1454 1964 Lagardium
1484 1922 1544 1955 ud-

96 1976 218 2010 mittas
236 1974 403 2009 suffixum
422 1975 565 2018 generis
584 1973 777 2008 foeminini.
809 1974 899 2016 Quid
928 1974 1049 2008 enim?
1077 1977 1201 2009 Nonne
1230 1976 1436 2010 existimare
1466 1976 1547 2009 lieet

97 2047 270 2086 punctum
289 2041 389 2082 iliud,
409 2041 536 2076 litterae
561 2049 588 2071 σι
616 2041 825 2084 impositum
844 2026 914 2082 (αἱ),
944 2050 1017 2076 non
1048 2042 1278 2076 diaeriticum
1309 2051 1403 2083 esse,
1423 2044 1485 2076 sed
1503 2044 1546 2076 ad

97 2095 399 2139 interpunctionis
416 2100 571 2139 systema
599 2097 791 2139 pertinere,
823 2095 870 2129 ita
902 2101 938 2130 ut
967 2105 1047 2130 cum
1079 2101 1212 2139 puncto
1242 2098 1355 2132 altero
1383 2098 1546 2132 voculam

97 2150 297 2194 excipiente
314 2152 606 2195 conjungendum
626 2152 672 2186 sit
685 2155 720 2185 et
733 2151 840 2187 ambo
854 2150 962 2186 simut
980 2151 1169 2186 efforment
1188 2152 1285 2185 iilam
1303 2152 1548 2187 distinctionis

97 2221 218 2253 notam
244 2227 351 2262 quam
377 2219 454 2262 Syri
478 2209 606 2260 μὶδ,
635 2228 696 2254 seu
727 2221 965 2261 superiorem,
996 2219 1183 2252 nominant
1211 2223 1246 2253 et
1271 2219 1315 2252 ad
1344 2219 1546 2262 apodoseos

97 2274 258 2308 membra
275 2274 497 2318 seJ'ungenda
516 2275 727 2317 plerumque
744 2275 940 2309 adhibent?
958 2274 1197 2316 Quamobrem
1229 2275 1321 2308 hanc
1349 2283 1456 2317 supra
1487 2285 1544 2308 ex-

99 2329 312 2373 pressimus.
347 2330 482 2364 Exinde
513 2335 632 2364 autem
666 2331 836 2375 colligere
870 2335 973 2375 potes
1006 2340 1070 2364 cur
1103 2330 1274 2364 libentius
1306 2331 1541 2364 assentiamur

98 2395 143 2431 cl.
163 2396 297 2438 sassie,
316 2396 402 2431 dum
421 2403 543 2432 monet
570 2406 643 2433 non
669 2390 765 2450 evi-2,
796 2399 832 2432 in
857 2397 1059 2439 soeminino‚
1079 2399 1142 2432 scd
1167 2391 1260 2449 emh,
1281 2400 1315 2433 in
1331 2398 1547 2441 masculino,

100 2450 303 2496 legendum.
325 2452 414 2487 Huic
430 2453 527 2487 enim
545 2454 739 2489 assertioni
759 2455 892 2492 favent,
922 2458 1053 2496 praeter
1078 2453 1429 2488 auimadxcrsionem
1460 2463 1548 2496 prat·-

99 2517 262 2560 missam‚
277 2522 350 2552 tum
365 2519 593 2554 communior
611 2529 698 2554 usus
712 2523 810 2555 vocis
826 2513 942 2560 hd,
971 2529 1051 2562 quae
1079 2521 1282 2564 saepissime
1312 2530 1458 2562 scopum
1487 2528 1550 2554 scu

99 2570 483 2617 finem‚ar9umentum
496 2583 582 2610 vero
593 2576 739 2610 nonnisi
754 2584 835 2611 raro
852 2575 1128 2620 significat,tu1n
1145 2581 1216 2611 tota
1231 2576 1407 2611 orationis
1424 2575 1550 2615 series.

102 2635 182 2669 quae
198 2627 251 2662 sic
268 2628 397 2663 meiius
415 2629 484 2663 sihi
502 2634 670 2665 constare
693 2631 846 2673 videtur,
875 2636 981 2675 prout
1009 2641 1052 2666 ex
1078 2632 1217 2666 duabus
1248 2631 1550 2675 interpretationi-

102 2681 170 2716 bus
200 2691 290 2726 quas
323 2684 510 2727 proposui,
544 2685 636 2719 inter
669 2695 707 2720 se
743 2690 777 2720 et
810 2695 890 2721 cum
913 2691 1007 2721 textu
1039 2687 1254 2731 primigenio
1274 2688 1430 2725 conatis,
1452 2687 1552 2720 saeuo

103 2742 262 2779 apparet.
