1737 2950
738 152 1030 194 -234,

174 278 372 323 Homiliae
397 283 554 323 tenore
578 283 623 322 et
647 275 902 322 disserendi
932 275 1064 320 modo
1091 275 1157 320 sic
1185 275 1378 334 proponi
1405 282 1562 335 posset
1590 293 1600 323 ;

172 353 433 413 Aphraates,
467 359 514 399 ut
551 353 789 413 impactum
825 351 1095 398 Christianis
1136 351 1402 398 idololatriae
1434 352 1605 401 crimen

174 430 378 490 repellat,
409 443 497 475 non
529 429 656 475 affert
682 428 767 475 nisi
794 428 998 488 exempla
1022 429 1246 474 variorum
1274 428 1502 475 hominum
1528 429 1606 490 qui

175 513 361 566 propter
392 505 628 567 dignitatis
663 505 758 551 sive
791 504 990 550 muneris
1024 504 1334 550 excellentiam
1366 505 1536 564 passim
1562 505 1606 552 in

175 583 422 643 Scripturis
457 583 518 628 dii
548 589 782 636 vocantur,
827 587 901 628 aut
931 582 1144 628 dicuntur
1186 581 1266 627 filii
1309 582 1407 637 Dei,
1453 583 1608 644 utique

174 659 435 720 adoptione,
465 674 552 706 non
580 665 752 711 natura,
781 659 850 704 vel
877 658 1043 719 quibus
1068 658 1270 704 adoratio
1303 672 1425 705 mere
1460 659 1609 707 civilis

175 753 198 782 a
239 736 350 783 viris
389 737 520 784 etiam
560 736 865 783 sanctissimis
908 736 1104 782 exhibita
1141 741 1232 788 est;
1271 750 1295 781 a
1331 736 1428 796 pari
1470 736 1610 798 igitur

177 814 383 860 Christus
409 814 628 861 dicendus
654 819 723 860 est
749 813 868 859 silius
884 812 964 858 Dei
989 812 1251 873 adoptivus;
1277 812 1317 859 ei
1338 827 1426 859 non
1447 812 1605 868 latriae,

177 907 275 953 quae
302 892 485 938 Summo
515 891 696 937 Numini
732 891 913 951 propria
938 896 1024 944 est,
1055 890 1134 937 sed
1168 890 1395 936 inferioris
1422 890 1610 937 rationis

177 969 326 1015 cultus
356 968 561 1014 debetur.

243 1044 536 1101 Quantumvis
562 1045 657 1090 haec
683 1044 831 1091 fucum
862 1045 1026 1090 saciant
1051 1051 1095 1090 et
1119 1044 1441 1090 obscuritatem
1467 1043 1506 1090 ei
1533 1044 1610 1105 qui

178 1136 250 1168 res
293 1121 439 1167 minus
477 1120 722 1181 diligenter
755 1121 1029 1174 considerat,
1068 1120 1234 1166 nemini
1277 1126 1441 1174 tamen,
1480 1125 1607 1181 puto,

178 1199 308 1245 facile
333 1197 741 1259 persuadebuntur.
774 1199 818 1245 Si
846 1199 962 1245 enim
990 1199 1224 1245 conclusio
1251 1198 1337 1245 ista
1361 1204 1484 1245 recte
1508 1210 1631 1245 sese-

179 1277 375 1330 haberet,
397 1277 487 1336 jam
513 1282 686 1331 auctor,
717 1277 792 1338 qui
832 1277 875 1322 in
913 1274 1017 1337 ipso
1054 1277 1396 1322 Dissertationis
1425 1274 1611 1322 exordio

178 1354 372 1400 divinam
399 1354 565 1400 Christi
605 1354 782 1400 Domini
821 1360 1020 1400 naturam
1057 1359 1211 1413 aperte
1248 1352 1484 1413 professus
1520 1357 1608 1405 est,

180 1430 220 1475 in
250 1430 546 1490 sequentibus
573 1445 660 1476 non
688 1430 835 1476 minus
860 1436 1012 1490 aperte
1038 1429 1125 1476 sibi
1151 1428 1498 1476 contradiceret.

244 1507 546 1554 Nihilominus
585 1521 672 1553 non
710 1520 927 1568 negamus
969 1521 1069 1567 quae
1111 1506 1166 1552 de
1209 1505 1343 1552 modo
1378 1518 1613 1566 argumen-

179 1584 299 1631 tandi
342 1583 580 1644 Aphraatis
622 1589 794 1630 asserta
837 1588 963 1636 sunt3
1009 1596 1163 1628 verum
1207 1582 1273 1635 is,
1320 1595 1410 1642 quo
1452 1581 1608 1635 utitur,

179 1675 423 1724 processus
460 1661 734 1707 sufficienter
771 1660 1035 1721 explicatur,
1066 1660 1104 1706 si
1142 1658 1388 1706 scribentis
1423 1672 1612 1719 scopum

180 1753 271 1799 prae
297 1738 441 1785 oculis
468 1738 652 1784 habeas.
680 1737 801 1783 Nihil
827 1737 1002 1784 scilicet
1037 1735 1286 1783 intenditur
1321 1735 1442 1782 aliud
1480 1749 1612 1796 quam

178 1816 436 1862 Judaeorum
478 1814 741 1861 confutatio.
791 1815 869 1861 Isti
917 1828 1072 1875 porro,
1118 1828 1201 1874 pro
1249 1812 1385 1859 nimia
1431 1827 1511 1859 sua
1558 1812 1612 1859 ad

180 1899 361 1938 externa
393 1897 437 1938 et
472 1891 789 1938 caerimonialia
826 1890 1149 1951 propensione,
1180 1890 1236 1936 de
1273 1889 1464 1936 internis
1501 1888 1611 1935 fide-

181 1970 287 2016 lium
314 1969 526 2015 sensibus
552 1968 622 2015 vix
650 1968 853 2022 solliciti,
896 1967 1190 2028 inquisitione
1227 1966 1283 2013 de
1316 1979 1421 2012 vera
1444 1965 1612 2012 Christi

183 2055 335 2093 natura
361 2053 404 2093 et
431 2046 651 2107 dignitate
676 2046 768 2092 sere
792 2045 1065 2105 posthabita,
1093 2045 1216 2090 litem
1255 2044 1427 2090 directe
1460 2056 1612 2089 move-

183 2126 286 2170 bant
310 2125 365 2170 de
392 2124 650 2170 nominibus
675 2123 820 2169 eidem
860 2122 1016 2168 inditis
1054 2128 1097 2168 et
1131 2122 1185 2167 de
1224 2119 1501 2168 adorationis
1525 2119 1613 2180 ipsi

182 2201 392 2248 exhibitae
415 2200 657 2253 vocabulo;
699 2200 846 2246 cultus
872 2199 987 2258 ejus,
1017 2198 1163 2258 qualis
1188 2196 1304 2258 apud
1333 2195 1614 2243 Christianos

183 2278 356 2325 institui
377 2282 688 2330 consueverat,
713 2275 910 2329 modum,
933 2274 1272 2335 expressiones,
1296 2272 1416 2320 varia
1435 2271 1613 2318 demum

183 2355 312 2416 signa
336 2354 388 2400 ad
416 2353 625 2400 trutinam
650 2352 885 2406 vocabant,
910 2351 1005 2398 haec
1030 2350 1399 2403 criminabantur,
1428 2353 1615 2409 propter

184 2432 279 2477 haec
315 2429 635 2491 blasphemiam
676 2427 1013 2475 conclamabant
1051 2432 1094 2473 et
1132 2424 1447 2472 idololatriam.
1483 2423 1613 2484 Ejus-

185 2507 303 2554 modi
331 2506 691 2553 accusationibus
717 2504 886 2565 duplici
910 2504 980 2549 via
1005 2502 1273 2564 responderi
1298 2506 1474 2563 poterat
1504 2517 1512 2545 :
1543 2500 1614 2547 vel

184 2583 533 2630 demonstrando
577 2582 801 2629 Christum
850 2594 955 2627 vero
1004 2586 1048 2627 et
1093 2579 1280 2640 proprio
1329 2592 1485 2631 sensu,
1530 2590 1611 2624 seu

187 2667 355 2713 natura,
385 2674 487 2706 csse
515 2661 591 2705 Dei
620 2659 795 2710 Filium,
831 2672 882 2704 ac
907 2658 1036 2718 proin
1065 2656 1299 2703 latreutico
1323 2655 1445 2702 cultu
1471 2655 1612 2701 hono·
1642 2688 1644 2690 -
