1737 2950
770 189 1066 232 „206-

209 313 438 360 vocabulis
464 313 719 374 peregrinis
746 313 938 360 refertus
964 317 1034 359 est
1059 325 1190 373 quam
1215 311 1352 373 vulgo
1379 311 1423 357 in
1449 311 1641 360 aliorum

207 389 497 450 scriptorum,
539 389 790 450 praesertim
829 389 1099 435 recentioris
1124 388 1290 441 aetatis,
1319 388 1551 448 operibus.
1592 390 1640 435 In

207 468 408 512 Homilz'is
435 480 521 513 non
561 467 706 513 solum
740 466 904 512 frustra
941 464 1178 526 quaesieris
1216 464 1485 526 farraginem
1522 465 1640 512 illam

205 557 365 590 vocum
398 543 494 590 sive
530 543 835 595 Arabicarum,
875 543 970 589 sive
1014 542 1286 595 Graecarum,
1335 555 1522 603 quarum
1563 543 1639 589 ad-

207 621 419 666 mixtione
452 620 602 681 lingua
639 626 743 681 post
780 620 994 666 saeculum
1021 619 1097 664 Vll
1137 619 1191 664 ab
1229 618 1411 679 antiqua
1448 619 1641 679 puritate

205 697 412 751 deflexit,
458 698 562 750 sed,
607 711 875 757 quamquam
920 703 1076 742 auctor
1121 696 1299 742 natione
1348 696 1432 742 suit
1472 697 1636 751 Persa,

204 775 372 821 nullum
416 775 617 835 reperies
659 775 845 820 verbum
888 779 1174 827 extraneum,
1223 773 1342 834 quod
1391 773 1504 819 hanc
1544 773 1640 833 eJ'us

202 852 425 912 originem
467 851 644 912 prodat.
693 851 902 912 Syntaxis
947 850 1078 897 etiam
1121 849 1233 896 adeo
1277 849 1410 896 habet
1452 849 1639 896 formam

202 942 305 974 vere
341 928 614 981 Semiticam‚
646 927 958 987 imprimisque
994 926 1258 980 Aramoeam,
1288 932 1336 973 ut
1362 926 1401 972 ei
1429 927 1504 987 qui
1533 940 1639 987 syn-

202 1010 355 1051 taxeos
383 1005 576 1065 Syriacae
604 1005 784 1065 regulas
810 1003 1047 1050 addiscere
1084 1004 1152 1049 vel
1190 1003 1290 1049 aliis
1328 1002 1505 1049 tradere
1530 1002 1640 1049 velit

200 1081 253 1127 ad
281 1082 552 1142 Aphraatem
592 1082 817 1143 praecipue
855 1080 1177 1127 recurrendum
1204 1094 1306 1126 esse
1330 1081 1398 1126 vir
1423 1080 1638 1127 doctissi-

202 1173 299 1205 mus
325 1158 555 1205 Noeldeke
581 1159 753 1218 optimo
774 1158 876 1217 jure
901 1158 1165 1217 pronuntiet
1190 1156 1256 1218 (1).

266 1236 418 1295 Stylus
445 1250 604 1297 magna
631 1235 923 1295 simplicitate
949 1240 993 1280 et
1018 1234 1343 1294 perspicuitate
1375 1233 1640 1293 plerumque

200 1313 397 1365 excellit,
424 1327 511 1359 non
537 1312 751 1358 varietate
777 1318 851 1357 aut
876 1311 1113 1371 elegantia,
1142 1323 1287 1370 neque
1313 1309 1637 1356 sententiarum

201 1389 446 1449 splendore
471 1390 540 1436 vel
568 1389 860 1435 sublimitate.
893 1389 985 1434 Nec
1010 1394 1154 1434 tamen
1189 1401 1242 1434 eo
1269 1386 1389 1447 quod
1418 1388 1638 1432 Disserta-

199 1468 369 1512 tionum
396 1466 510 1512 liber
540 1479 823 1512 communem
858 1465 1088 1526 cogitandi
1124 1471 1256 1524 atque
1293 1463 1505 1524 loquendi
1543 1476 1637 1509 mo·

198 1542 301 1588 dum
350 1542 598 1603 generatim
642 1556 731 1588 non
774 1541 1091 1597 transcendat,
1145 1547 1302 1601 putare
1349 1539 1490 1586 debes
1536 1553 1637 1585 eum

198 1619 320 1679 parvi
361 1619 611 1665 faciendum
651 1632 769 1664 esse.
810 1618 893 1663 Hic
932 1631 1122 1677 namque
1165 1616 1272 1662 illud
1308 1616 1483 1662 obtinet
1514 1615 1635 1676 quod

197 1698 425 1757 sapienter
468 1702 619 1742 monet
658 1696 982 1742 celeberrimus
1026 1697 1271 1741 Annalium
1313 1695 1633 1740 ecclesiastico-

195 1788 297 1818 rum
322 1787 504 1834 parens,
534 1773 588 1818 ad
624 1786 788 1818 annum
826 1771 920 1817 356
950 1789 958 1817 :
992 1791 1014 1812 α
1040 1771 1183 1824 Sicut,
1225 1771 1386 1831 inquit,
1417 1770 1635 1816 effossum

198 1851 387 1896 informe
409 1864 564 1896 aurum
590 1856 633 1896 et
659 1850 770 1895 rude
805 1863 859 1895 eo
896 1849 1045 1895 carius
1082 1862 1184 1894 esse
1210 1849 1344 1902 solet,
1374 1847 1495 1908 quod
1523 1847 1635 1893 nihil

195 1928 399 1974 videatur
423 1927 609 1974 alterius
637 1926 802 1972 metalli
831 1926 993 1972 habere
1019 1925 1334 1978 commixtum;
1364 1924 1424 1970 ita
1449 1924 1635 1986 egregia

195 2011 508 2057 monumenta,
549 2017 628 2049 sua
667 2003 765 2063 ipsa
801 2008 1021 2048 vetustate
1058 2008 1191 2062 atque
1227 2000 1516 2061 simplicitate
1552 2000 1632 2046 mi·

195 2083 366 2135 cantia,
413 2082 578 2142 quibus
621 2095 694 2127 res
739 2080 889 2141 potius
927 2093 1059 2140 quam
1099 2079 1235 2125 verba
1270 2078 1315 2123 in
1351 2078 1498 2138 pretio
1532 2090 1634 2124 esse

195 2161 360 2213 solent,
407 2159 605 2220 gratiora
646 2159 778 2218 plane
820 2164 952 2204 erunt
991 2163 1124 2218 atque
1162 2155 1434 2216 jucundiora
1474 2156 1635 2216 quovis

194 2238 365 2296 scripto
400 2236 667 2282 recentioris
706 2235 924 2288 auctoris,
966 2234 1328 2294 quibuscumque
1364 2232 1635 2293 eloquentiae

194 2313 391 2373 phaleris
418 2317 650 2359 exornato.
686 2311 915 2371 Quidquid
952 2311 1069 2356 enirn
1107 2310 1350 2356 obducitur
1374 2309 1477 2356 fuco
1501 2314 1637 2369 atque

194 2390 441 2450 pigmentis
484 2395 748 2449 suspectum
790 2387 1017 2440 redditur;
1064 2386 1387 2446 pulchriorque
1426 2384 1635 2431 enitescit

194 2467 291 2526 ipsa
316 2481 395 2513 sua
420 2467 612 2526 puritate
639 2466 926 2525 simplicitas,
950 2478 1068 2524 quae,
1092 2463 1213 2524 quod
1235 2462 1413 2509 mentiri
1439 2462 1629 2517 nesciat,

237 2642 284 2682 (l)
310 2642 347 2674 ln
377 2648 486 2683 opere
514 2639 815 2683 praestantissimo
845 2639 1076 2674 Manciam-he
1106 2639 1332 2674 Grammatilc
1359 2637 1487 2679 (ualle,
1518 2637 1632 2680 ¹875),

194 2707 228 2739 p.
249 2697 300 2729 21.
322 2695 389 2729 cfr.
409 2695 567 2736 Sassius,
585 2704 619 2737 p.
642 2696 692 2728 16.
1638 2695 1642 2700 ’
