1737 2950
682 187 979 231 ..287-

185 317 453 364 Praedictam
480 330 620 378 porro
645 315 907 376 opinionem
933 329 958 360 a
980 314 1153 361 Judaeis
1174 313 1227 360 ad
1254 313 1557 368 Christianos,

120 394 436 456 imprimisque
470 394 525 440 ad
562 393 822 454 Sapientem
860 393 1063 449 Persam5
1092 392 1169 453 qui
1207 391 1433 452 frequenti
1459 406 1561 438 cum

120 472 212 520 iilis
252 472 529 520 commercio
577 472 800 526 utebatur,
850 469 1164 517 transmissam
1213 483 1317 517 esse
1364 469 1562 516 dubitari

119 551 292 612 nequit.
340 551 463 598 Inter
504 550 684 612 priores
731 549 852 596 enim
894 548 1072 610 pridem
1118 554 1366 609 usurpatur
1411 547 1562 610 adagii

119 628 262 675 instar
300 628 398 675 haec
440 627 690 674 enuntiatio
732 643 740 673 :
781 628 869 673 Sex
912 626 1060 672 millia
1095 626 1293 672 mundus
1329 625 1507 688 (supple
1548 642 1558 671 :

119 707 296 753 habebit
333 719 583 756 annorum.
621 705 692 752 vel
726 703 833 765 quid
870 701 1062 765 simile),
1099 718 1233 764 quam
1275 717 1299 749 a
1341 703 1394 750 R.
1437 703 1565 749 Helia

118 784 410 845 repetendam
436 783 619 837 docent,
650 782 772 829 istud
798 782 927 843 quasi
954 782 1185 829 oraculum
1211 782 1251 829 ei
1279 782 1323 827 in
1349 782 1564 829 Talmude

119 861 376 908 tribuentes
401 858 449 924 (ι)
489 877 497 906 ;
543 880 565 902 «
595 861 682 907 Sex
721 859 861 906 millia
897 873 1118 906 annorum
1154 859 1241 905 erit
1277 859 1492 916 mundus,
1519 866 1565 907 et

119 939 281 986 iterum
319 938 605 991 destruetur;
646 937 737 983 duo
774 936 913 983 millia
951 936 1134 983 fuerunt
1170 936 1401 983 inanitatis
1437 937 1482 998 (i.
1519 951 1560 984 e.

119 1016 238 1077 legis
281 1013 488 1078 naturae),
535 1015 626 1062 duo
669 1015 808 1061 millia
851 1015 968 1076 legis
1012 1015 1247 1069 Mosaicae;
1293 1015 1382 1062 duo
1425 1015 1565 1062 millia

118 1099 252 1139 erunt
276 1092 451 1140 dierum
478 1092 659 1139 Messiae
684 1091 748 1156 (2).
779 1111 801 1134 »
838 1092 1132 1139 Hebraeorum
1170 1093 1310 1154 igitur
1350 1093 1562 1154 vestigia,

120 1170 251 1217 novis
278 1177 425 1217 tamen
451 1170 705 1216 rationibus
733 1169 941 1230 adiectis,
971 1176 1240 1230 presserunt
1266 1171 1423 1217 Patres
1449 1185 1566 1232 quos

120 1263 257 1309 supia
284 1248 635 1295 nominavimus.

186 1328 250 1372 Ex
289 1326 360 1373 his
397 1327 440 1372 S.
480 1327 698 1380 Irenaeus,
740 1326 889 1372 allatis
927 1327 1139 1372 Geneseos
1178 1327 1230 1379 11,
1271 1325 1315 1382 2,
1358 1327 1510 1374 veihis
1550 1344 1559 1374 z

120 1406 450 1465 Complevz'tque
475 1406 592 1450 Deus
628 1405 700 1450 die
733 1406 918 1463 septimo
942 1419 1053 1463 opus
1075 1419 1211 1450 suum
1235 1406 1351 1464 quod
1375 1404 1562 1467 feeevffat

119 1491 161 1530 et
185 1484 407 1542 requievit
431 1483 504 1529 die
529 1484 715 1541 septimo
740 1483 794 1528 ab
819 1483 1027 1527 universo
1045 1495 1173 1540 opere
1196 1483 1314 1541 quod
1333 1490 1564 1542 patrarat,

121 1559 277 1607 subdit
305 1558 351 1622 (3)
382 1576 390 1604 :
423 1578 444 1601 «
474 1559 569 1605 Hoc
595 1566 743 1605 autem
772 1566 842 1605 est
868 1565 912 1605 et
945 1565 1075 1605 antea
1101 1558 1321 1606 factorum
1346 1561 1563 1615 narratio,

121 1644 165 1685 et
201 1637 454 1684 futurorum
496 1637 754 1697 prophetia.
792 1637 872 1683 Est
908 1637 1028 1682 enim
1071 1636 1170 1683 dies
1213 1637 1392 1683 Domini
1437 1637 1567 1698 quasi

122 1715 245 1762 mille
272 1715 393 1761 anni.
425 1715 474 1760 In
513 1729 592 1761 sex
628 1715 769 1775 igitur
804 1714 967 1761 diebus
994 1721 1306 1761 consummata
1335 1722 1441 1763 sunt
1466 1730 1566 1776 quae

121 1792 236 1839 facta
261 1799 382 1839 sunt.
416 1792 703 1838 Manifestum
741 1806 853 1853 ergo
880 1799 949 1838 est
975 1793 1413 1839 consummationem
1442 1793 1565 1853 ipso-

122 1884 219 1916 rum
258 1876 433 1916 sextum
477 1870 766 1916 millesimum
811 1884 974 1916 annum
1011 1884 1131 1916 esse.
1174 1870 1228 1916 Et
1266 1870 1459 1931 septima
1493 1871 1567 1917 die

121 1946 277 1993 orbem
309 1946 507 2006 judicat;
549 1954 593 1993 et
630 1953 810 2001 octava,
851 1961 952 2007 quae
987 1952 1058 1993 est
1091 1947 1289 1994 futurum
1326 1948 1562 2002 saeculum,

119 2024 234 2071 alios
260 2024 444 2085 quidem
469 2025 607 2071 tradit
645 2025 688 2070 in
727 2039 904 2086 poenam
933 2031 1166 2080 aeternam,
1195 2025 1310 2072 alios
1338 2026 1379 2071 in
1407 2026 1561 2073 vitam.

123 2103 315 2163 Propter
341 2102 427 2149 hoc
451 2101 560 2148 dicti
588 2109 694 2149 sunt
719 2103 882 2163 psalmi
910 2117 992 2163 pro
1018 2109 1193 2150 octava.
1229 2122 1250 2144 »

165 2270 212 2309 (1)
238 2268 402 2304 Gemarae
445 2268 572 2304 ordine
617 2270 656 2302 lV
693 2248 871 2326 (ΤΡἾἎ),
915 2271 994 2305 cod.
1038 2273 1078 2306 ΙΧ
1103 2252 1207 2327 (HJJ
1227 2253 1394 2327 nssmzv)
1419 2281 1497 2316 cap.
1535 2275 1564 2306 ί.

165 2334 214 2375 (Ξ)
238 2334 287 2368 Ad
304 2334 615 2370 confirmationem
634 2333 788 2370 afferunt
804 2336 1006 2380 analogiam
1021 2346 1102 2372 cum
1117 2347 1179 2373 sex
1203 2339 1333 2374 diebus
1358 2323 1567 2380 creationis.

122 2399 228 2433 quam
244 2392 317 2434 jam
336 2395 440 2425 antea
459 2400 478 2425 a
497 2391 660 2435 pluribus
679 2392 833 2435 proponi
851 2393 1068 2428 audivimus.
1088 2394 1230 2430 Addunt
1247 2395 1290 2430 ad
1310 2396 1344 2430 id
1363 2395 1568 2439 significan-

121 2458 205 2492 dum
224 2463 386 2501 spectare
403 2468 464 2494 sex
481 2460 585 2517 aleph
603 2468 683 2503 quae
710 2459 742 2493 in
771 2460 939 2496 hebraico
965 2466 1063 2497 textu
1090 2464 1214 2499 Genes.
1244 2465 1271 2505 Ι,
1293 2465 1337 2498 ¹:
1364 2455 1567 2513 ΠἾῌΝᾛΞ

122 2518 266 2589 ῩἾΚΠ
297 2521 389 2584 1787
410 2511 586 2562 timu-537
613 2521 683 2574 ¹¹²⁸.
705 2508 865 2583 075¹)ss
895 2521 997 2563 ΝἾΞ
1030 2531 1259 2573 reperiuntur
1292 2544 1301 2562 ι
1335 2531 1438 2574 aleph
1470 2531 1566 2565 enim

123 2593 364 2628 millenarium
382 2603 573 2628 numerum
592 2594 778 2636 denotare,
797 2604 838 2630 ac
845 2568 1007 2639 proinde
1025 2595 1142 2630 littera
1163 2595 1221 2629 iila
1239 2595 1357 2630 sexies
1381 2595 1416 2628 in
1438 2595 1567 2630 eodem

119 2647 300 2683 versiculo
315 2653 528 2684 occurrente
545 2657 608 2683 sex
625 2658 804 2685 annorum
834 2650 959 2692 millia,
989 2650 1122 2694 quibus
1146 2650 1277 2685 ooelum
1302 2653 1337 2685 et
1364 2654 1456 2684 terra
1483 2658 1568 2684 con-

123 2702 264 2743 sistent.
282 2704 447 2748 exprimi.
469 2706 598 2738 Verum
618 2705 694 2739 naec
710 2705 918 2740 cabalistica
937 2710 1022 2739 sunt
1038 2710 1072 2739 et
1088 2705 1248 2740 ludaica.

167 2761 214 2799 (1)
242 2762 277 2793 1η
296 2760 495 2805 fragmento
513 2763 636 2795 Graeco
663 2770 769 2804 quem
795 2771 836 2796 ex
866 2762 948 2796 (3011.
973 2771 1037 2794 ms.
1059 2762 1170 2795 edidit
1197 2762 1396 2795 cotelerius
1417 2763 1449 2794 ‘in
1472 2767 1566 2795 notis

126 2814 166 2846 ad
189 2813 382 2854 Epictotam
403 2816 611 2851 calholicam
635 2816 656 2848 S
692 2816 872 2850 Barnabae
