1737 2950
668 185 966 228 —307—

100 312 222 374 quod
249 311 360 358 nihil
385 311 442 358 de
468 311 632 372 spiritu
668 310 798 365 dixit,
829 308 1064 357 evidenter
1099 309 1302 356 ostendit
1331 312 1543 372 quoniam

100 389 291 452 spiritus
332 403 434 436 cum
468 402 661 450 corpore
698 388 769 435 vel
806 387 951 434 anima
989 387 1242 448 peccatrice
1285 402 1375 435 non
1410 390 1543 436 simul

99 468 302 529 punitur.
342 466 427 523 Qui
466 467 585 513 enim
620 465 824 526 peccavit
859 464 1093 518 dividitur,
1133 470 1178 511 et
1214 480 1318 526 pars
1359 466 1540 526 quidem

99 544 197 604 ejus
230 558 332 591 cum
377 543 639 590 infidelibus
681 543 888 603 ponitur;
936 541 1056 602 quod
1103 547 1249 588 autem
1293 556 1381 588 non
1424 543 1539 601 ejus,

99 621 342 669 revertitur
366 620 420 666 ad
449 621 588 667 Deum
615 620 692 680 qui
717 619 842 665 dedit
867 632 985 664 eum.
1024 637 1046 660 »

166 698 328 745 Paucis
355 697 623 757 interjectis,
654 697 698 742 in
724 696 924 742 eamdem
963 695 1235 741 sententiam
1271 697 1422 757 pergit
1453 695 1499 759 (ι)
1530 714 1538 742 ;

101 794 124 817 ι(
144 775 313 821 Dividit
332 780 479 820 autem
502 788 621 827 eum,
646 772 826 834 quando
847 772 1037 832 spiritus
1065 772 1247 832 quidem
1269 772 1364 832 ejus
1392 787 1541 820 rever-

99 854 210 900 titur
234 853 286 898 ad
316 853 456 898 Deum
483 852 560 912 qui
587 851 712 898 dedit
737 865 855 903 eum,
885 850 1030 896 anima
1055 856 1202 896 autem
1225 864 1326 896 cum
1353 864 1544 911 corpore

99 944 184 977 suo
209 930 331 975 vadit
356 930 399 974 in
427 929 696 989 gehennam.
724 929 883 974 Justus
909 934 1055 973 autem
1083 942 1170 973 non
1198 927 1430 979 dividitur,
1461 928 1542 974 sed

99 1008 244 1053 anima
270 1007 366 1067 ejus
393 1007 514 1053 vadit
541 1021 641 1052 cum
668 1005 832 1066 spiritu
858 1005 911 1050 ad
940 1019 1079 1065 regna
1099 1005 1317 1051 coelestia.
1351 1006 1544 1066 Propter

99 1084 220 1144 quod
264 1084 485 1143 scriptum
530 1090 599 1129 est
625 1082 674 1142 (a)
713 1098 721 1127 :
761 1083 1029 1132 Benedieite,
1067 1083 1256 1139 spiritus
1297 1089 1338 1127 et
1380 1084 1545 1127 animoe

90 1163 347 1220 justorum,
400 1163 599 1207 Domino.
655 1161 819 1206 Eorum
870 1166 1016 1205 autem
1066 1159 1142 1219 qui
1191 1159 1453 1205 dividuntur
1501 1165 1544 1205 et

99 1238 334 1300 deponunt
377 1238 587 1298 spiritum
631 1242 932 1283 revertentem
981 1236 1033 1281 ad
1085 1250 1185 1281 eum
1234 1236 1310 1296 qui
1359 1236 1545 1281 dederat

100 1329 218 1369 eum,
252 1322 295 1362 et
327 1329 416 1361 non
455 1315 619 1360 habent
653 1313 943 1374 postmodum
981 1313 1023 1357 in
1057 1326 1106 1359 se
1143 1319 1314 1372 partem
1349 1312 1541 1372 aliquam

100 1406 200 1453 quae
227 1398 321 1438 erat
346 1406 399 1438 ex
425 1393 536 1444 Deo,
567 1390 839 1451 relinquitur
874 1389 940 1436 eis
977 1404 1082 1450 pars
1118 1403 1273 1435 eorum
1311 1404 1411 1449 quae
1449 1396 1543 1435 erat

99 1470 319 1531 ipsorum,
349 1470 392 1515 id
419 1475 489 1516 est
515 1469 678 1523 anima,
709 1482 809 1528 quae
846 1481 946 1514 cum
985 1481 1174 1527 corpore
1211 1481 1293 1513 suo
1331 1468 1542 1527 punietur

98 1561 121 1592 a
165 1547 357 1592 Domino
399 1546 625 1600 veniente,
673 1559 773 1591 cum
818 1544 1078 1590 infidelibus
1122 1550 1165 1589 et
1210 1544 1459 1604 hypocritis
1498 1543 1542 1588 in

99 1625 353 1671 tormentis.
382 1644 404 1666 »

165 1705 281 1751 Cave
307 1710 454 1750 autem
481 1717 535 1749 ne
574 1703 644 1749 his
671 1703 990 1763 similibusque
1016 1701 1229 1763 Origenis
1267 1701 1543 1747 testimoniis

98 1795 337 1843 perperam
386 1781 648 1834 intellectis,
701 1781 869 1827 inferas
921 1780 977 1826 iis
1025 1778 1250 1825 contineri
1298 1777 1542 1823 absurdum

98 1859 400 1906 trichotomize
445 1864 642 1919 systema
677 1857 749 1917 (3);
796 1872 883 1917 qua
917 1856 1288 1916 interpretatione
1323 1855 1537 1908 admissa,

99 1950 151 1982 ex
178 1935 440 1982 eorumdem
467 1934 783 1981 convenientia
820 1948 920 1980 cum
954 1933 1159 1979 doctrina
1184 1931 1425 1992 Aphraatis
1452 1945 1541 1977 non

99 2013 233 2060 modo
268 2013 389 2059 nulla
428 2012 531 2058 huic
568 2011 901 2057 commendatio
935 2010 1188 2063 accederet,
1217 2023 1372 2055 verum
1407 2009 1540 2054 etiam

97 2103 188 2136 non
215 2089 392 2136 modica
418 2094 574 2134 contra
600 2088 744 2148 ipsam
766 2087 970 2147 suspicio
994 2087 1206 2133 oriretur.
1233 2086 1355 2130 Illam
1376 2085 1540 2131 calum—

96 2167 214 2212 niam
240 2172 398 2212 auctor
419 2165 518 2226 ipse
538 2179 561 2210 a
582 2179 631 2211 se
651 2164 856 2224 depellit,
883 2177 983 2210 cum
1005 2177 1127 2223 saepe
1153 2168 1326 2209 asserat
1349 2162 1540 2207 animam

95 2241 247 2318 (ψυχήν)
287 2243 489 2302 cujusvis
524 2242 627 2288 vitae
666 2242 709 2287 in
743 2242 924 2288 homine
966 2241 1242 2301 principium
1287 2254 1404 2293 esse,
1450 2240 1540 2286 imo

95 2322 268 2382 passim
303 2326 567 2382 argumenta
601 2320 746 2366 solvat
787 2334 811 2365 a
855 2319 1087 2366 Gnosticis
1124 2333 1175 2365 ea
1212 2318 1268 2364 de
1307 2332 1354 2364 re
1391 2317 1540 2363 afferri

97 2398 247 2445 solita.
279 2398 425 2454 Quare
449 2398 723 2459 ubicumque-
758 2396 917 2443 animae
953 2403 997 2443 et
1032 2395 1223 2457 spiritus
1255 2395 1388 2441 simul
1416 2408 1539 2441 men-

140 2564 187 2604 (¹)
214 2561 335 2606 EJusd.
357 2566 445 2596 tom.
463 2562 531 2596 col.
554 2561 651 2595 ¹699.

140 2618 187 2659 (Ξ)
213 2619 299 2650 Dan.
321 2617 383 2654 ΙΙΙ.
403 2617 457 2650 86.

140 2674 188 2714 (3)
213 2672 282 2708 Csr.
302 2672 435 2711 Stockl,
454 2671 646 2707 Lehrbuch
671 2672 734 2704 der
753 2671 959 2706 Geschichte
987 2673 1047 2705 der
1073 2670 1320 2712 philosophie,
1341 2679 1398 2712 pp.
1418 2668 1484 2703 305
1508 2671 1543 2702 et

98 2728 175 2763 306.
