1737 2950
799 165 1093 206 ...222-

228 302 270 340 et
298 295 382 354 ipsi
411 294 641 354 proprium
666 300 751 345 est,
783 301 829 339 ut
855 294 897 338 in
924 309 974 339 ea
999 293 1196 354 scriptor
1232 294 1422 340 amicum
1449 292 1657 353 nuspiam

226 372 483 432 compellet.
517 371 642 417 Sicut
667 371 783 417 enim
819 385 904 415 non
944 370 1086 417 solius
1123 370 1360 431 Apbraatis
1395 370 1659 418 auctoritate

227 448 413 508 prodiit,
456 448 513 493 ita
549 462 629 493 nec
666 449 798 494 unius
834 447 1030 494 bominis
1064 448 1207 508 gratia
1245 448 1446 494 mandata
1484 452 1554 494 est
1586 452 1661 494 aut

224 534 423 578 exarata;
453 526 532 572 sed
561 545 582 567 «
607 526 659 571 ad
689 527 942 586 Episcopos
967 526 1116 588 (verba
1141 533 1245 572 sunt
1270 523 1501 589 auctoris),
1530 539 1657 586 pres·

225 604 425 664 byteros,
455 603 766 659 diaconos‚....
787 602 840 648 ad
868 603 1125 649 universum
1154 603 1285 649 etiam
1312 603 1528 663 populum
1556 601 1654 655 Dei,

224 680 458 733 Seleuciae,
489 679 783 739 Ctesiphonte
810 685 853 725 et
881 694 961 740 per
987 679 1106 724 varia
1132 680 1228 725 loca
1254 680 1519 725 existentem
1547 675 1612 741 (ι),
1634 696 1656 719 »

222 757 322 802 data
344 757 440 802 fuit.
472 757 524 801 Et
550 756 645 802 liaec
670 756 852 815 quidem
877 761 999 802 certa
1030 762 1150 802 sunt.
1183 755 1228 801 Si
1266 755 1367 816 quis
1406 768 1511 802 vero
1549 754 1658 800 ulte-

223 835 316 880 rius
344 835 614 893 perscrutari
638 834 743 879 velit
769 833 933 893 quibus
962 833 1003 878 in
1030 832 1254 892 adjunctis
1280 839 1324 879 et
1349 846 1437 893 quo
1463 831 1657 878 consilio

223 913 417 970 Epistola
458 925 564 956 cusa
612 911 759 964 suerit,
809 925 895 956 non
940 916 1187 971 suppetunt
1229 910 1313 957 nisi
1363 909 1651 969 conJecturae.

221 985 758 1048 Assemanuslelaffirmat
777 1001 828 1032 ea
850 987 971 1048 tangi
999 987 1198 1033 schisma
1224 993 1268 1033 et
1292 985 1656 1046 perturbationes

221 1079 320 1124 quae
346 1070 533 1123 propter
564 1064 745 1123 Papam,
782 1063 1001 1109 Seleuciae
1037 1069 1081 1109 et
1118 1062 1429 1123 Ctesiphontis
1469 1061 1655 1122 Episco-

220 1155 342 1200 pum,
383 1147 468 1186 tam
506 1138 550 1185 in
586 1140 669 1185 hac
701 1139 896 1186 ecclesia
929 1154 1060 1200 quam
1105 1140 1147 1184 in
1191 1139 1468 1186 dioecesibus
1493 1137 1656 1184 vicinis

219 1218 311 1263 sint
341 1218 516 1263 oborta.
560 1217 694 1263 «Sed
737 1217 832 1263 haec
875 1216 1115 1270 sententia,
1152 1217 1213 1262 ait
1256 1217 1437 1263 Sassius
1462 1213 1529 1278 (3),
1564 1215 1655 1276 jam
1728 1231 1737 1246 ¹

219 1295 514 1355 chronologia
541 1294 776 1340 refellitur.
809 1295 942 1340 Teste
980 1294 1098 1340 enim
1134 1293 1402 1340 Barhebraeo
1427 1291 1493 1356 (4),
1523 1307 1655 1354 syno-

219 1371 303 1417 dus
339 1371 391 1417 ad
427 1370 714 1430 dijudicanda
749 1371 938 1416 crimina
974 1372 1104 1431 Papae
1147 1370 1323 1430 objecta
1364 1383 1521 1416 novem
1550 1374 1657 1430 post
1730 1409 1737 1438 Ι.

218 1449 460 1494 concilium
495 1448 727 1494 Nicaenum
754 1449 902 1502 annis,
935 1448 962 1492 i.
996 1462 1035 1493 c.
1067 1462 1105 1493 a.
1145 1446 1256 1497 334,
1300 1447 1446 1493 habita
1486 1452 1573 1501 est,
1611 1452 1655 1493 et

219 1525 362 1585 Papas
390 1525 487 1584 ipse
521 1524 770 1570 secundum
808 1524 1127 1570 Barhobraeum
1153 1522 1218 1586 (5),
1257 1538 1295 1569 a.
1337 1521 1449 1578 335,
1491 1536 1654 1569 secun·

1732 1369 1737 1392 l

1730 1466 1737 1506 i

1731 1520 1737 1576 ’ᾖ

217 1602 322 1647 dum
349 1600 727 1663 Assemaiiun1(6)‚
746 1600 835 1660 jam
856 1616 896 1646 a.
923 1599 1016 1646 326
1043 1615 1065 1646 e
1092 1601 1181 1646 vita
1208 1599 1423 1646 decessit.
1449 1598 1651 1660 Aphraa-
1728 1609 1730 1612 '

219 1686 285 1724 tes
305 1684 452 1724 autem
475 1678 572 1738 ipse
593 1677 703 1723 dicit
723 1676 771 1738 (τ)
791 1678 1036 1735 Epistolam
1060 1690 1214 1723 mense
1236 1676 1480 1722 Februario
1499 1690 1538 1722 a.
1559 1674 1652 1721 655

217 1770 295 1801 aer.
321 1755 599 1806 Graecorum,
626 1754 654 1799 i.
681 1768 720 1799 e.
740 1768 780 1799 a.
798 1752 891 1798 344
914 1769 957 1813 p.
986 1754 1090 1799 Chr.
1117 1768 1183 1808 n.‚
1209 1767 1257 1799 se
1279 1753 1649 1813 composuisse.»

218 1833 516 1888 Quamobrem
565 1831 820 1892 Wriglitius
867 1831 915 1891 (8)
963 1831 1080 1877 idem
1139 1836 1475 1877 monumentum
1517 1830 1649 1890 jussu

217 1908 398 1955 concilii
435 1907 654 1954 Seleuciae
689 1913 732 1953 et
765 1907 1060 1967 Ctesiphonte
1094 1922 1133 1954 a.
1167 1906 1259 1952 344
1294 1906 1506 1953 celebrati
1542 1921 1650 1954 con·
1725 1910 1734 1966 ἦ

216 1986 359 2032 ditum
403 1999 506 2031 esse
549 1985 727 2030 asserit.
777 1985 836 2030 At
870 1985 925 2031 de
960 1985 1183 2044 ejusmodi
1221 1991 1444 2031 conventu
1482 1985 1649 2031 ibidem
1716 2030 1723 2046 ι

218 2069 322 2108 tunc
351 2062 500 2107 habito
529 2075 748 2121 nusquam
786 2062 972 2106 relatum
1013 2062 1257 2122 quidquam
1295 2062 1537 2117 invenitur,
1567 2075 1650 2108 nec

218 2139 303 2184 nisi
331 2138 565 2198 probabile
591 2138 643 2183 ad
671 2152 893 2184 summum
919 2145 1233 2199 argumentum
1261 2139 1364 2185 inde
1391 2139 1485 2185 erui
1512 2152 1650 2199 posse

258 2306 306 2344 (Ι)
333 2307 393 2346 Ap.
414 2303 584 2346 Wright„
604 2312 637 2345 p.
663 2301 754 2331 01:203
786 2321 792 2327 .

259 2359 306 2399 (Ξ)
334 2359 367 2390 Β.
387 2360 425 2391 Ο.
448 2359 473 2396 Ι.
495 2367 526 2399 p.
547 2359 623 2389 558.

259 2414 306 2452 (3)
331 2412 394 2452 Op.
414 2412 547 2452 soepius
564 2412 637 2451 cit„
657 2421 689 2454 p.
712 2415 762 2446 15.

259 2469 306 2507 (4)
332 2466 464 2500 Chron.
483 2468 599 2500 eccles.
615 2471 702 2499 sect.
724 2468 766 2506 ll,
787 2468 867 2501 coll.
888 2467 930 2500 29
947 2471 984 2499 ct
1000 2468 1052 2499 30.

259 2523 308 2562 (5)
335 2521 482 2557 Ibidem.
501 2520 581 2554 coll.
599 2521 638 2554 31
660 2524 695 2554 et
711 2522 765 2555 32.

259 2577 308 2616 (6)
334 2575 611 2616 Op.cit.111‚¹‚
630 2583 665 2617 p.
683 2575 759 2608 6¹2.

258 2640 307 2681 (7)
332 2640 496 2683 ergbt.‚
514 2648 592 2683 pag.
621 2647 706 2693 ...a
739 2659 747 2666 ·

258 2693 304 2734 (8)
331 2693 464 2727 Pratsat.
487 2705 519 2736 p.
539 2698 571 2728 9.
