1737 2950
730 185 1027 228 —315-

151 328 234 361 nes
266 319 413 360 tamen
456 311 640 359 concilii
682 311 1004 372 Lugdunensis
1042 316 1097 373 (a.
1147 309 1289 371 1274)
1332 316 1376 356 et
1415 307 1600 356 concilii

152 390 402 440 Florentini
435 388 488 453 (a.
522 387 664 452 1439)
697 388 988 436 definitiones
1013 386 1082 451 (1),
1111 387 1429 449 gravissimam
1457 386 1600 432 haere·

151 482 258 516 seos
284 473 433 514 notam
460 467 684 514 meruisse
710 480 800 513 non
825 465 1021 512 videtur.

681 660 968 690 ARTICULUS
1004 660 1074 688 111.

330 767 392 811 De
425 766 657 824 Aphraate
691 767 842 811 Sacroe
876 765 1124 823 Scripturoe
1162 765 1422 821 interprete.

219 912 422 959 Indolem
454 913 760 971 Epistolarum
794 910 1023 972 Sapientis
1060 911 1230 965 Persae,
1261 924 1349 971 qua
1384 916 1510 970 parte
1545 908 1600 955 ad

152 989 413 1050 dogmatum
453 989 658 1035 notitiam
693 987 987 1048 ingerendam
1031 993 1075 1033 et
1113 986 1427 1047 probationem
1464 986 1601 1033 robo-

152 1068 337 1114 randam
364 1068 611 1128 pertinent,
638 1067 682 1112 in
708 1066 900 1112 articulo
928 1065 1166 1126 superlore
1187 1065 1595 1112 consideravimus.

152 1145 253 1191 Non
281 1144 470 1191 minoris
496 1150 645 1190 autem
677 1143 812 1204 pretii
850 1142 1020 1189 eaedem
1053 1148 1159 1189 sunt
1185 1142 1229 1187 in
1256 1156 1304 1188 re
1333 1141 1599 1201 scripturis-

152 1224 242 1271 tiea
272 1239 280 1269 :
312 1237 413 1269 nam
439 1228 484 1268 et
508 1222 597 1268 loci
628 1235 681 1267 ex
718 1220 870 1266 Sacris
905 1220 1056 1266 Libris
1097 1219 1237 1274 allati,
1282 1234 1475 1280 quorum
1507 1233 1598 1264 ma—

153 1314 288 1362 gnam
331 1298 594 1359 suppeditat
634 1297 811 1358 copiam
859 1302 1033 1350 auctor,
1086 1296 1328 1356 plurimum
1378 1295 1600 1356 prodesse

153 1384 349 1438 possunt
373 1377 413 1423 ei
446 1376 522 1437 qui
559 1377 843 1437 antiquarum
874 1375 1136 1421 versionum
1169 1374 1377 1421 ecclesiae
1404 1374 1602 1435 Syriacae

154 1454 378 1515 originem
413 1460 457 1500 et
491 1460 657 1500 statum
695 1453 911 1514 indagare
948 1453 1073 1508 velit,
1112 1459 1156 1499 et
1194 1468 1295 1513 quae
1329 1452 1603 1511 adjiciuntur

154 1531 481 1592 explicationes
506 1531 560 1576 ad
581 1545 735 1577 sanam
756 1536 800 1576 et
819 1529 1153 1576 traditionalem
1180 1529 1601 1590 interpretationem

154 1607 485 1668 assequendam
513 1621 677 1668 magno
703 1607 806 1653 usui
832 1613 938 1653 sunt
959 1606 1137 1653 futurae.
1163 1607 1331 1652 Harum
1358 1606 1602 1652 utilitatum

153 1684 372 1745 priorem,
396 1699 497 1745 quae
517 1685 570 1730 ad
592 1684 797 1731 criticam
822 1684 939 1730 sacri
967 1690 1116 1730 textus
1142 1683 1378 1730 historiam
1406 1688 1599 1743 spectat,

154 1762 365 1822 quoniam
410 1762 506 1821 ejus
550 1762 777 1823 expositio
822 1768 866 1808 et
907 1761 1237 1807 demonstratio
1283 1775 1363 1821 per
1397 1760 1603 1820 exempla

156 1838 338 1899 longior
368 1837 501 1891 soret,
538 1838 946 1898 praetermittimus,
977 1837 1183 1898 quaedam
1221 1842 1392 1883 tantum
1421 1837 1493 1883 hic
1521 1850 1602 1883 no-

154 1916 289 1962 taturi
316 1915 372 1962 de
397 1914 532 1961 modo
559 1930 647 1976 quo
681 1915 931 1977 Aphraates
969 1915 1012 1960 in
1051 1915 1288 1976 Scriptura
1321 1914 1600 1975 explananda

154 1999 199 2038 et
223 1991 479 2039 adhibenda
504 2007 554 2039 se
579 2007 739 2054 gerere
766 1993 1070 2040 consueverit.

221 2070 318 2126 Qua
342 2069 398 2116 de
424 2084 472 2116 re
511 2071 705 2131 primum
741 2070 971 2116 fatendum
1005 2076 1093 2124 est,
1123 2069 1345 2116 scribenti
1377 2083 1460 2116 nec
1486 2083 1602 2116 sem·

154 2159 254 2206 per,
277 2159 360 2192 nec
385 2147 653 2208 plerumque
679 2146 832 2193 forsan
858 2147 1144 2207 propositum
1171 2146 1331 2200 fuisse,
1357 2153 1405 2192 ut
1431 2147 1602 2193 littera-

155 2223 261 2277 lem,
287 2238 418 2284 quam
446 2224 621 2278 dieunt,
647 2230 797 2271 textus
824 2224 1032 2284 inspirati
1059 2223 1148 2269 vim
1173 2230 1307 2284 atque
1333 2224 1604 2269 sententiam

154 2301 451 2362 investigaret
476 2309 521 2348 et
545 2302 796 2355 exhiberet,
827 2308 985 2348 contra
1015 2315 1122 2348 vero
1149 2316 1334 2348 sensum
1362 2301 1601 2362 quemdam

155 2379 395 2440 mysticum
437 2392 518 2425 seu
560 2379 858 2440 allegoricum
894 2379 949 2424 ab
987 2392 1040 2425 eo
1078 2378 1335 2439 saepissiine
1377 2378 1600 2424 adhiberi.

158 2455 292 2509 Hinc,
329 2462 378 2502 ut
413 2456 607 2503 advertit
649 2456 833 2502 Sassius
867 2454 933 2519 (Ξ),
976 2455 1020 2500 in
1061 2454 1314 2516 allegandis
1342 2454 1601 2500 Divinarum

200 2605 246 2642 (t)
272 2603 341 2637 (ΗΓ.
367 2603 622 2644 Liebermann‚
640 2603 885 2637 Institutiones
902 2603 1106 2646 tlieoloqicoe
1123 2603 1298 2645 (Neapoli.
1321 2604 1429 2641 ¹860),
1455 2607 1540 2636 tom.
1563 2602 1604 2634 lv

157 2666 191 2699 p.
208 2658 283 2691 ⁴39.

200 2712 247 2752 (Ξ)
275 2712 452 2754 Proteqq..
472 2721 507 2754 p.
527 2713 580 2745 ¹6.
