1737 2950
713 151 984 193 -37—

134 274 188 320 iis
213 275 263 335 (1)
288 288 389 334 quae
413 275 482 320 vel
513 274 553 319 in
580 275 713 323 coelo,
745 276 813 320 vel
842 275 883 319 in
912 280 1048 328 terra,
1074 276 1141 320 vel
1170 277 1301 322 etiam
1337 277 1576 337 utrobique

130 350 244 396 facta
264 356 388 396 sunt.

194 427 426 486 Ejusmodi
476 427 774 473 similitudine
824 442 933 474 usus
977 435 1047 473 est
1095 435 1138 473 et
1180 429 1373 488 Sapiens
1418 431 1570 477 Persa.

128 503 245 549 Dicit.
270 503 389 549 enim
418 503 460 548 in
492 505 813 549 Dissertatione
837 504 891 549 de
921 501 1163 557 charitate,
1195 506 1573 564 quemadmodum

128 580 226 640 ipsa
274 580 550 626 Frater-nitas
593 587 665 626 tua
709 581 899 640 scripsit
945 597 951 624 :
996 582 1115 626 «Ne
1156 588 1302 627 autem
1350 582 1571 635 fastidias,

126 657 268 702 amice
306 657 380 708 mi,
412 663 635 702 assertum
671 657 789 717 quod
823 657 902 702 tibi
941 658 1127 716 protuli,
1155 659 1295 704 Deum
1329 673 1412 718 per
1449 660 1575 704 dimi-

127 733 242 778 diam
269 740 441 792 partem
479 733 612 779 unius
649 734 821 778 dierum
861 748 1046 778 suorum
1081 734 1314 794 ignovisse
1358 736 1573 782 Hieroso-

128 809 274 870 lymae.
309 809 384 855 Sic
410 808 527 855 euim
556 810 740 869 scripsit
782 810 920 854 David
960 811 1000 853 iu
1031 811 1206 869 psalmo
1234 812 1530 872 nonagesimo
1562 829 1568 857 :

126 887 249 931 Mille
289 887 400 930 anni
431 895 536 931 ante
574 888 722 931 oculos
762 887 936 931 Domini
971 896 1186 944 tanquam
1231 889 1325 933 dies
1367 889 1576 934 hesterna

124 975 224 1021 quae
238 963 461 1019 prseterz'it
488 966 550 1019 (a).
585 962 822 1021 Sapientes
844 976 1025 1021 quoque
1047 962 1260 1009 doctores
1283 964 1426 1010 nostri
1449 979 1572 1011 asse-

126 1048 246 1094 runt,
279 1040 510 1093 muudum,
543 1041 657 1086 sicut
706 1041 819 1085 intra
846 1054 923 1086 sex
958 1041 1056 1086 dies
1097 1056 1119 1086 a
1153 1043 1244 1088 Deo
1271 1049 1449 1088 creatus
1476 1043 1573 1098 suit,

127 1121 201 1172 ita,
251 1118 494 1179 completis
541 1134 619 1164 sex
658 1133 876 1163 annorum
913 1112 1452 1172 millibus‚'dissolutum
1499 1121 1571 1176 iri,

125 1198 414 1258 futurumque
446 1198 526 1243 Dei
568 1197 802 1243 sabbatum
832 1197 952 1242 illius
979 1198 1153 1243 sabbati
1182 1198 1324 1244 instar
1349 1199 1468 1258 quod
1497 1212 1574 1244 sex

125 1275 223 1321 dies
249 1274 494 1323 creationis
522 1274 716 1333 excepit.
748 1293 769 1314 »

192 1354 289 1413 Ego
309 1366 435 1404 vero,
457 1365 556 1397 cum
579 1352 755 1396 audiam
779 1352 1072 1401 Salvatorem.
1095 1353 1235 1397 Deum
1256 1367 1306 1398 ac
1335 1353 1574 1398 Dominum

124 1435 329 1475 nostrum
364 1429 519 1474 Jesum
566 1425 816 1477 Christum,
848 1434 951 1486 post
990 1442 1114 1473 suam
1143 1444 1165 1473 a
1201 1430 1393 1475 mortuis
1425 1443 1574 1475 resur·

123 1505 369 1552 rectionem
396 1519 419 1549 a
446 1504 688 1563 discipulis
716 1504 1061 1564 interrogatum,
1086 1513 1235 1551 utrum
1258 1512 1462 1566 tempore
1490 1506 1574 1551 hoe

125 1582 278 1628 Israeli
306 1595 495 1642 regnum
519 1586 642 1626 esset
664 1581 976 1633 restituturus,
1006 1581 1151 1641 iisque
1180 1584 1532 1642 respondentem
1561 1599 1567 1626 ;

122 1661 214 1706 Non
245 1667 310 1704 est
340 1666 539 1704 vestrum
573 1672 700 1703 nosse
727 1665 924 1716 tempora
950 1660 1019 1703 vel
1047 1669 1284 1714 momenta,
1315 1675 1414 1719 quse
1440 1663 1574 1706 Pater

118 1738 267 1794 posuit
293 1738 340 1780 in
362 1749 447 1780 sua
469 1742 689 1792 potestate
710 1739 785 1793 (3);
814 1735 1048 1793 parvitatis
1072 1750 1180 1782 meze
1206 1738 1313 1782 mihi
1338 1739 1568 1790 conscius,

122 1820 170 1858 ut
203 1813 344 1858 idiota
382 1812 485 1857 dico
525 1828 531 1857 :
572 1812 726 1857 Annos
765 1812 840 1871 qui
887 1813 940 1856 ab
987 1813 1114 1858 initio
1160 1814 1311 1860 mundi
1356 1815 1572 1861 hactenus

122 1889 394 1942 effluxerint,
438 1889 506 1933 vel
541 1902 683 1933 anuos
717 1888 935 1947 deinceps
970 1889 1021 1933 ad
1060 1890 1191 1935 linem
1230 1905 1373 1950 usque
1419 1893 1571 1938 mundi

120 1966 314 2018 futuros,
345 1966 414 2011 vel
442 1964 575 2010 etiam
603 1979 745 2010 annos
773 1965 826 2009 ab
854 1965 950 2023 ejus
977 1966 1163 2012 exordio
1187 1981 1329 2027 usque
1356 1969 1409 2014 ad
1439 1969 1569 2015 finem

121 2042 474 2093 intercedentes,
502 2054 633 2086 nemo
654 2041 770 2086 inter
796 2056 955 2087 omnes
976 2043 1183 2089 homiues
1204 2051 1275 2090 est
1298 2045 1372 2104 qui
1398 2060 1569 2106 eogno-

118 2120 248 2171 verit,
284 2124 533 2180 cognoscat.
570 2124 643 2163 aut
677 2118 945 2178 cogniturus
982 2120 1067 2171 sit;
1100 2128 1159 2173 et,
1206 2127 1253 2166 ut
1295 2122 1435 2180 majus
1462 2124 1569 2183 quid

119 2196 282 2249 dicam,
332 2210 477 2255 neque
522 2195 698 2255 augelis
743 2202 897 2241 notum
942 2210 1044 2242 esse
1089 2204 1197 2256 puto
1242 2206 1420 2259 tempus
1466 2201 1569 2246 [iuis

120 2273 293 2326 muudi,
331 2273 431 2332 ipso
470 2272 662 2317 Domino
705 2278 862 2317 nostro
901 2280 1003 2319 ante
1039 2275 1316 2333 passionem,
1358 2283 1565 2329 mortem,

121 2363 340 2410 suamque
383 2363 405 2394 a
445 2349 636 2394 mortuis
681 2350 1063 2396 resurrectionem
1107 2352 1286 2398 dicente
1329 2353 1569 2414 discipulis

164 2514 210 2552 (t)
234 2512 401 2562 lapsam?
433 2509 558 2568 mxx-'g
590 2522 687 2571 <Aa
715 2522 813 2564 »μ
834 2514 957 2561 μω»)
976 2544 984 2553 ,
1006 2514 1055 2548 Ad
1087 2515 1239 2549 litteram
1261 2529 1267 2551 :
1289 2518 1568 2552 similitudinem

119 2578 277 2619 aliquam
296 2588 342 2613 eae
359 2582 480 2615 causis
501 2590 619 2614 retium
657 2582 756 2623 Qi'od
776 2582 862 2615 milii
883 2582 981 2616 reddi
1003 2590 1109 2626 posse
1127 2583 1242 2616 visum
1273 2590 1327 2618 est
1357 2594 1419 2627 pei·
1447 2594 1568 2627 quam-

120 2632 200 2666 dam
220 2634 423 2678 heudiadyn
445 2648 452 2669 ε
473 2636 757 2670 similitudinem
776 2641 884 2679 atque
902 2639 1079 2673 rationem
1099 2648 1143 2672 ex
1161 2640 1246 2673 iis...

164 2688 211 2729 (2)
239 2690 292 2722 t‘s.
316 2691 473 2724 Lxxxtx
491 2690 541 2730 (in
563 2692 667 2724 ltebr.
690 2693 766 2731 XC),
786 2694 819 2725 4.

165 2745 212 2782 (3)
239 2745 308 2778 cfr.
329 2747 410 2780 Act.
433 2747 574 2787 Apost.‚
597 2748 620 2788 Ι,
640 2749 672 2779 7.
