1737 2950
675 150 969 191 -115—

168 278 342 324 Adduci
369 285 558 338 possent
582 277 668 323 alia
699 277 914 324 nonnulla
939 276 1137 323 auctoris
1182 276 1327 323 nostri
1370 282 1544 324 asserta

102 356 170 403 vel
196 355 389 402 obscura
417 354 676 406 admodum.
706 355 774 402 vel
814 354 946 401 etiam
972 368 1073 400 cum
1094 353 1300 400 doctrina
1321 353 1541 400 catholica

101 447 223 494 aegre
242 431 541 485 concilianda,
567 446 666 492 qua}
694 446 776 478 nec
797 431 1040 492 Georgium
1063 431 1266 492 gentium
1288 430 1534 491 latuere(1).

103 509 210 562 Sed,
253 507 442 568 reliquis
468 508 671 561 omissis,
713 522 848 554 unum
885 507 1029 553 adhuc
1067 506 1540 561 commemorabimus,

105 592 226 633 tanto
254 584 435 644 majoris
455 584 670 631 momenti
691 591 858 645 quanto
878 584 1046 630 arctius
1072 598 1173 630 cum
1200 583 1304 629 fidei
1329 583 1542 643 deposito

103 662 317 708 cohaeret.
370 662 431 707 Iis
489 662 748 708 continetur
801 675 900 722 qua}
948 661 1136 707 disserit
1188 661 1439 720 Aphraates
1487 659 1544 706 de

102 741 263 786 animae
297 739 654 793 immortalitate,
700 740 766 785 vel
805 739 957 800 potius
996 739 1051 786 de
1085 738 1347 786 conditione
1384 739 1544 784 animae

104 822 294 863 mortem
329 816 447 862 inter
477 823 520 862 et
554 816 934 863 resurrectionem
970 831 1231 876 corporum.
1272 815 1410 875 Cujus
1445 815 1543 875 qui-

104 894 205 940 dem
253 893 521 953 quaestionis
570 893 739 940 fusiore
780 893 1066 953 expositione
1111 894 1154 938 in
1197 892 1318 939 aliud
1368 899 1547 952 tempus

105 971 257 1025 dilata,
287 971 373 1017 hoc
406 971 584 1017 interim
617 985 866 1029 monemus,
907 986 957 1017 ex
994 971 1222 1031 Sapientis
1259 971 1412 1016 Persae
1444 984 1546 1016 sen-

106 1048 260 1100 tentia,
290 1048 481 1093 animam
514 1048 748 1094 humanam
782 1054 888 1108 post
925 1055 1113 1094 mortem
1140 1061 1241 1094 cum
1277 1061 1469 1108 corpore
1505 1055 1549 1094 et

107 1126 150 1170 in
187 1139 380 1185 corpore
412 1125 615 1185 sepeliri,
653 1132 712 1178 et,
752 1125 793 1170 in
828 1131 946 1172 statu
985 1125 1179 1185 quodam
1215 1138 1376 1170 somno
1410 1125 1549 1171 simili

106 1202 415 1255 constitutam,
441 1216 587 1261 neque
607 1209 911 1254 externarum,
934 1216 1079 1262 neque
1104 1202 1380 1248 internarum
1401 1216 1550 1248 rerum

107 1293 245 1326 sensu
295 1279 592 1332 commoveri,
635 1279 780 1325 donec
818 1286 861 1325 et
911 1280 1025 1340 ipsa,
1067 1280 1140 1325 die
1178 1279 1548 1332 resurrectionis,

107 1356 354 1403 suscitetur
395 1363 528 1417 atque
571 1357 624 1402 ad
669 1364 880 1403 aeternam
926 1357 1280 1409 beatitudinem,
1333 1357 1371 1403 si
1415 1357 1553 1418 digna

109 1434 260 1487 fuerit,
303 1433 578 1480 admittatur.
621 1434 728 1490 Quae
763 1440 978 1494 quantum
1014 1449 1038 1480 a
1074 1448 1177 1480 vera
1211 1434 1430 1480 Ecclesiae
1467 1434 1553 1479 lide

107 1512 318 1559 aberrent
357 1526 488 1558 nemo
530 1527 618 1558 non
658 1513 795 1559 videt.
844 1511 940 1559 Nec
977 1513 1125 1559 minus
1159 1519 1314 1573 aperte
1350 1518 1554 1573 pugnant

108 1604 208 1636 cum
240 1589 496 1636 certissima
533 1590 719 1637 Diaconi
757 1590 975 1637 Edesseni
1013 1590 1236 1644 doctrina,
1278 1604 1410 1650 quam
1451 1604 1551 1636 eum

108 1667 214 1713 alibi
241 1667 428 1727 passim,
459 1673 551 1713 tum
588 1668 825 1728 speciatim
852 1668 949 1728 ejus
975 1669 1244 1716 Necrosimz‘s
1283 1674 1326 1714 et
1367 1669 1554 1727 Hymnis

109 1746 162 1791 de
178 1745 394 1804 paradiso
420 1743 468 1807 (2)
494 1745 763 1792 delineatam
790 1746 1013 1806 reperies.

176 1823 241 1868 Ne
266 1822 369 1882 quis
394 1828 558 1876 autem,
590 1838 637 1869 re
663 1837 820 1884 parum
844 1830 1052 1869 accurate
1080 1823 1302 1883 inspecta,
1328 1822 1554 1883 suspicari

111 1900 258 1961 possit
284 1899 568 1960 Ephraemum
596 1899 810 1960 Aphraati
837 1901 1113 1953 consentire,
1141 1900 1349 1947 docendo
1377 1900 1553 1960 piorum

111 1976 281 2022 animas
318 1975 498 2022 nonnisi
535 1982 642 2036 post
681 1977 1060 2023 resurrectionem
1101 1977 1252 2023 beatas
1281 1977 1395 2031 fore,
1425 1983 1554 2022 antea

113 2067 218 2099 vero
253 2067 339 2098 una
379 2067 481 2099 cum
524 2067 717 2113 corpore
759 2055 887 2114 quasi
932 2068 1093 2100 somno
1137 2068 1385 2115 oppressas
1428 2068 1550 2108 esse,

113 2145 212 2191 quae
237 2130 290 2176 ad
326 2130 456 2190 hujus
487 2131 757 2191 quaestionis
793 2131 1153 2191 explanationem
1187 2131 1326 2178 tradit
1361 2132 1418 2179 cl.
1451 2131 1552 2176 Bic-

114 2208 203 2255 kell
228 2208 301 2254 hic
324 2208 416 2254 fere
441 2208 495 2253 ad
521 2210 706 2255 verbum
734 2209 994 2256 exscribere
1020 2210 1131 2255 libet
1156 2208 1220 2273 (3).

180 2285 225 2330 S.
264 2285 433 2331 Doctor
475 2285 638 2330 alicubi
675 2287 723 2344 (4)
761 2293 938 2345 tempus
981 2301 1005 2332 a
1047 2292 1190 2333 morte
1232 2286 1286 2332 ad
1330 2300 1556 2334 resurrec-

159 2462 204 2502 (l)
229 2460 298 2495 Csr.
319 2470 414 2503 sup..
434 2470 512 2505 pag.
533 2463 575 2496 40
593 2470 692 2505 seqq.

159 2517 205 2556 (2)
231 2515 299 2549 Cfr.
332 2515 422 2557 opp.
452 2516 538 2550 edit.
570 2518 669 2551 Rom.
700 2518 760 2557 ΙΙΙ,
793 2527 852 2560 pp.
891 2520 953 2551 225
971 2519 1047 2556 559,
1081 2518 1250 2557 562-5983
1286 2517 1406 2552 Carm.
1442 2517 1556 2552 Nisib.

118 2570 236 2613 hymn.
258 2572 544 2604 xxxv-txxvn.

159 2627 205 2664 (3)
231 2624 298 2657 (Ἰν.
322 2625 493 2658 Carmina
514 2625 700 2665 Nisffiena,
721 2627 880 2669 prolegg.
905 2637 936 2668 p.
959 2628 1000 2659 24
1019 2635 1117 2669 seqq.

162 2684 209 2721 (Δ)
237 2681 325 2714 Edit.
347 2682 446 2714 Rom.
468 2682 556 2722 Ορρ.
579 2683 636 2721 ΙΙΙ,
657 2682 733 2722 2⁶25,
755 2682 788 2715 b.
