1737 2950
711 209 1006 252 ...271-

135 348 237 382 nem
262 334 516 396 requisitis.
549 335 720 383 Horum
757 336 958 384 omnium
996 336 1223 398 quoddam
1262 336 1493 398 specimen
1532 337 1576 382 in

135 412 332 460 medium
359 412 566 473 proferre
593 413 726 461 liceat
749 412 813 477 (¹).

201 509 225 532 «
250 489 450 545 Audisti,
479 491 640 545 amice,
671 505 773 553 quae
800 489 880 538 tibi
906 491 963 538 de
989 491 1074 538 hoc
1099 491 1315 553 paschate
1339 491 1450 545 dixi,
1480 492 1579 552 ejus

136 581 298 629 nempe
340 567 530 629 figuram
572 567 714 628 priori
758 568 928 629 populo
972 567 1118 614 datam
1164 568 1307 615 fuisse
1350 575 1394 616 et
1434 569 1580 630 ipsius

136 645 369 692 veritatem
419 645 537 692 inter
584 652 747 708 gentes
791 645 925 693 hodie
967 646 1207 707 praedicari
1217 685 1315 694 .....
1369 647 1580 694 Profecto

135 737 271 770 verus
307 737 453 784 agnus
496 729 567 769 est
610 723 815 770 Salvator
859 730 1034 778 noster,
1075 724 1330 779 anniculus,
1371 724 1582 785 idemque

138 800 478 857 immaculatus,
523 807 660 862 prout
696 801 753 849 de
787 816 841 848 eo
875 807 1068 848 testatus
1103 808 1173 849 est
1217 802 1438 863 propheta
1480 804 1529 863 (2)
1567 819 1576 850 1

137 880 229 926 Non
255 887 321 925 est
345 881 393 925 in
418 880 514 939 ipso
537 881 777 939 iniquitas,
806 893 947 939 neque
981 881 1112 927 dolus
1136 882 1183 926 in
1207 894 1281 927 ore
1304 882 1403 939 eJ‘us
1426 882 1579 926 inven-

138 962 213 1002 tus
236 963 326 1012 est,·
365 957 443 1002 sed
478 957 619 1003 voluit
647 958 861 1003 Dominus
885 971 987 1003 eum
1012 958 1261 1017 deprimere
1284 966 1326 1004 et
1352 959 1585 1004 tormentis

139 1034 332 1080 tradere.
382 1034 540 1081 Dictus
588 1041 659 1082 est
709 1036 966 1090 anniculus,
1018 1050 1072 1083 eo
1123 1036 1244 1097 quod
1294 1042 1584 1097 peccatorum

140 1110 370 1164 immunis,
400 1118 448 1158 ut
473 1112 707 1172 parvulus,
738 1113 889 1160 fuerit.
921 1113 1050 1160 Unde
1088 1113 1186 1174 ipse
1223 1113 1480 1174 discipulos
1517 1113 1585 1160 sic

139 1188 454 1249 alloquebatur
495 1187 542 1252 (3)
589 1206 596 1234 :
644 1191 739 1237 Nisi
780 1192 981 1237 conversi
1022 1190 1206 1251 fueritis
1247 1200 1289 1237 et
1327 1193 1585 1250 efficiamini

139 1268 257 1312 sicut
280 1268 482 1326 parvuli,
510 1282 597 1314 non
623 1270 854 1315 intrabitis
890 1271 938 1315 in
974 1284 1162 1330 reqnum
1189 1271 1414 1316 coelorum.
1446 1270 1585 1316 Isaias

141 1358 248 1391 vero
274 1345 330 1391 de
351 1345 477 1405 justo
512 1345 607 1393 liaec
644 1346 776 1393 habet
801 1347 850 1407 (4)
881 1364 888 1392 :
921 1348 1040 1393 Puer
1074 1349 1152 1406 qui
1187 1355 1338 1405 peceat
1375 1347 1584 1393 maledie-

142 1423 254 1467 tioni
277 1423 464 1474 suberit,
495 1430 538 1469 et
562 1424 658 1470 ideo
683 1426 916 1479 morietur,
944 1439 1029 1470 non
1066 1439 1196 1471 secus
1232 1439 1284 1471 ae
1318 1438 1455 1470 seneoe
1485 1438 1583 1470 oen-

142 1507 239 1546 tum
265 1515 406 1548 annos
430 1510 583 1548 natus,
610 1530 670 1535 —
693 1503 835 1549 Porro
862 1503 1066 1550 Salvator
1094 1508 1251 1549 noster
1276 1509 1408 1549 nocte
1434 1503 1585 1564 legali,

143 1592 244 1638 quae
280 1585 351 1625 est
389 1579 563 1626 decima
600 1586 775 1640 quarta,
810 1594 977 1641 agnum
1014 1581 1273 1641 paschalem
1311 1595 1411 1627 eum
1448 1579 1585 1626 disci-

144 1656 264 1717 pulis
291 1657 506 1711 comedit,
538 1657 685 1718 iisque
713 1658 812 1705 loco
838 1659 1069 1719 paschatis
1106 1658 1427 1720 praefigurativi
1456 1658 1588 1717 liujus

144 1733 512 1795 adimpletionem
533 1735 754 1782 exhibuit.
781 1736 1026 1796 Postquam
1054 1737 1172 1782 enim
1199 1737 1253 1782 ab
1279 1736 1346 1782 eis
1373 1735 1589 1782 discessit

143 1811 301 1866 Judas,
331 1812 527 1872 sumpsit
561 1813 697 1859 Jesus
734 1827 913 1873 panem,
944 1813 1048 1859 huic
1075 1812 1324 1866 benedixit,
1358 1812 1586 1858 eumdem-

145 1903 232 1948 que
269 1888 395 1935 dedit
431 1888 672 1950 discipulis
709 1890 824 1943 suis,
865 1889 1024 1936 dicens
1062 1889 1116 1951 (5)
1158 1907 1164 1933 ;
1207 1891 1295 1936 Hoc
1329 1898 1393 1935 est
1429 1903 1590 1948 eorpus

145 1981 319 2020 meum;
357 1969 545 2026 accipite
579 1975 621 2014 et
654 1969 867 2014 comedite
901 1982 958 2014 ex
990 1983 1037 2015 eo
1069 1982 1233 2015 omnes.
1283 1968 1392 2014 Tum
1436 1968 1588 2013 vinum

146 2046 279 2092 etiam
317 2047 618 2101 consecravit,
660 2048 745 2094 ista
783 2049 1021 2109 proferens
1047 2048 1095 2111 (6)
1137 2066 1144 2093 :
1187 2050 1267 2094 Hie
1303 2057 1366 2094 est
1403 2050 1590 2106 sanquis

146 2138 271 2170 meus
317 2125 426 2171 Novi
476 2126 759 2179 Testamenti,
811 2128 889 2184 qui
927 2141 1006 2185 pro
1049 2127 1205 2172 multis
1252 2126 1503 2184 effunditur
1542 2126 1590 2170 in

146 2203 452 2247 remissionem
486 2210 786 2260 peccatorum.
820 2203 1005 2257 Quando
1042 2205 1089 2248 in
1125 2217 1267 2248 unum
1303 2204 1588 2253 conveniam,

147 2281 226 2325 hoo
270 2278 407 2340 facite
447 2281 494 2325 in
537 2293 681 2326 meam
724 2282 1198 2328 commemorationem.
1242 2280 1363 2326 Talia
1407 2279 1589 2340 quidem

194 2466 240 2503 (t)
265 2462 437 2508 Wright.,
456 2473 492 2507 p.
516 2454 576 2501 1:³⁵
601 2472 702 2507 seqq.

193 2519 242 2560 (Ξ)
267 2518 369 2553 lsaiae
388 2519 478 2560 Llll,
494 2520 528 2559 9,
550 2521 601 2553 10.

194 2574 243 2614 (5)
268 2575 364 2608 uait.
383 2574 503 2614 xvnl,
520 2576 553 2608 5.

195 2629 243 2668 (4)
270 2627 370 2662 Isaiae
389 2629 481 2668 va,
500 2629 555 2662 20.

195 2685 244 2725 (5)
270 2685 366 2718 Mau.
385 2684 498 2722 xxvl,
516 2684 572 2717 ΞΒ.

196 2739 244 2778 (6)
272 2739 375 2777 ibid,
396 2747 449 2772 vv.
470 2739 510 2771 27
530 2742 564 2772 et
581 2738 633 2772 28.
