1737 2950
708 192 858 233 -91

115 322 295 367 locutus
334 323 420 371 est,
464 325 569 378 post
611 317 920 378 querimonias
963 323 1006 362 et
1045 316 1387 376 objurgationes
1426 329 1562 375 supra

114 397 296 448 relatas,
342 395 559 442 continuo
602 395 756 441 subdit
791 394 839 456 (1)
887 410 894 439 :
944 413 966 434 «
992 394 1099 438 flaec
1141 393 1334 453 egimus,
1380 397 1425 438 et
1467 392 1563 438 haec

111 472 377 520 acciderunt
402 472 552 518 nobis.
585 471 775 532 Spoliati
813 485 914 526 nos,
943 471 1108 524 vexati,
1138 470 1334 530 dispersi
1348 506 1556 516 ..........

113 549 333 606 Quoniam
370 549 484 594 alius
522 549 656 594 alium
685 549 882 602 odimus,
913 547 1198 607 multiplicati
1226 552 1333 593 sunt
1357 546 1435 607 qui
1461 546 1560 593 sine

109 641 244 674 eausa
280 641 362 672 nos
398 626 602 678 oderint;
646 626 752 686 quia
787 626 984 673 ludibrio
1022 639 1200 671 eramus
1234 624 1322 677 usi,
1362 624 1559 670 ludibrio

110 704 298 756 fuimus;
329 703 434 763 quia
461 704 634 749 mentiti
663 717 858 756 eramus,
890 703 1125 748 mendacio
1163 716 1321 748 sumus
1350 701 1554 761 decepti;

108 781 211 841 quia
259 787 714 840 contempseramus,
768 780 1015 840 contempti
1061 794 1244 832 sumu‚s;
1301 779 1406 838 quia
1453 778 1558 824 elati

108 871 312 909 eramus,
368 857 588 902 humiliati
638 857 828 909 suimus;
878 863 1067 916 propter
1116 855 1302 915 injurias
1352 869 1375 900 a
1410 849 1557 901 ¹nobis

107 934 271 987 illatas,
304 934 482 992 injuriis
520 933 666 980 affecti
694 948 875 986 sumus;
915 948 969 979 eo
1007 933 1129 993 quod
1168 932 1551 992 opprimeremus‚

107 1010 272 1056 fuimus
299 1011 526 1070 oppressi.
560 1012 623 1056 En
662 1011 827 1070 quibus
865 1011 906 1055 iu
949 1010 1051 1063 viis,
1089 1009 1262 1063 dilecti,
1293 1009 1475 1069 quidam
1501 1022 1555 1054 ex

107 1088 239 1134 nobis
275 1088 617 1134 ambulaverunt
649 1106 654 1133 :
683 1089 758 1147 jus
783 1103 873 1134 non
900 1088 1074 1141 dicunt,
1105 1088 1160 1134 de
1188 1088 1400 1148 aequitate
1426 1087 1551 1133 inda-

103 1165 251 1226 ganda
277 1179 366 1212 non
393 1173 568 1220 curant,
605 1180 688 1212 nec
724 1166 888 1226 aliquis
928 1171 998 1212 est
1035 1165 1111 1226 qui
1151 1165 1418 1212 recordetur
1454 1179 1552 1211 ver-

104 1241 263 1288 borum
307 1244 542 1303 prophetae
575 1241 621 1303 (2)
661 1261 667 1288 :
708 1244 902 1298 Quaerite
926 1242 1175 1304 judicium,
1217 1243 1448 1287 subvenite
1481 1256 1552 1300 op-

100 1333 269 1378 presso.
301 1339 323 1361 »

167 1397 260 1442 Nec
288 1397 435 1442 minus
472 1397 714 1456 perspicua
753 1403 858 1442 sunt
897 1404 970 1442 aut
1012 1397 1266 1443 decretoria
1299 1411 1400 1456 quae
1437 1397 1551 1442 infra

101 1472 136 1534 (ξ
172 1473 239 1531 13)
265 1474 481 1534 proponit
520 1474 710 1533 Sapiens
750 1476 901 1527 Persa,
933 1489 1012 1521 eos
1051 1475 1126 1535 qui
1161 1474 1364 1534 ejusdem
1393 1475 1549 1521 minis-

99 1551 201 1597 terii
229 1551 344 1597 sacri
372 1565 524 1597 seeum
564 1559 669 1597 sunt
705 1559 946 1598 consortes
983 1552 1036 1597 ad
1076 1552 1385 1611 poenitentiam
1419 1566 1544 1611 pera·

100 1630 292 1690 gendam
319 1636 362 1675 et
384 1630 614 1676 meliorem
638 1630 738 1675 vitre
761 1630 980 1676 rationem
1003 1630 1242 1675 ineundam
1265 1631 1509 1676 exhort-ans
1535 1647 1542 1675 :

102 1723 123 1744 «
152 1706 450 1752 Humiliemus
490 1721 589 1760 nos,
634 1707 805 1761 dilecti,
845 1708 1012 1764 labore,
1042 1707 1321 1765 fatigatione,
1353 1707 1544 1768 vigiliis,

98 1784 334 1843 petitione,
358 1785 549 1844 jejunio,
582 1785 804 1839 oratione,
847 1785 1182 1845 supplicatione
1208 1792 1252 1831 et
1278 1785 1543 1846 gemitibus,

98 1874 153 1906 ne
181 1860 295 1906 forte
321 1862 411 1906 cito
441 1862 666 1921 rapiamur
691 1876 743 1907 ex
773 1862 855 1907 hoe
883 1862 1050 1907 mundo
1072 1862 1253 1920 etjusto
1276 1862 1353 1907 Dei
1372 1862 1546 1920 judicio

98 1937 467 1984 condemnemur.
518 1940 616 1985 Non
663 1940 986 2000 negligendum
1030 1939 1330 1985 ministerium
1372 1939 1541 1992 Sancti,

99 2028 152 2060 ne
178 2016 469 2075 repudiemur
508 2016 561 2061 ab
601 2017 718 2076 ipso,
750 2017 868 2062 sieut
905 2031 986 2076 per
1024 2017 1289 2076 prophetam
1317 2017 1430 2062 dixit
1454 2015 1501 2077 (3)
1531 2033 1538 2061 :

99 2093 212 2146 Quia
240 2095 448 2151 repulisti
481 2095 637 2153 legem,
671 2095 884 2152 repellam
918 2102 959 2139 te
984 2109 1010 2138 (ι
1034 2095 1298 2140 sacerdotio.
1331 2096 1385 2140 Et
1411 2095 1544 2140 etiarn

98 2169 316 2229 scriptum
345 2176 414 2216 est
439 2171 485 2231 (t)
517 2188 524 2217 ;
557 2173 782 2217 Honorabo
816 2186 893 2231 eqo
924 2186 993 2217 eos
1026 2174 1105 2230 qui
1138 2186 1207 2217 me
1239 2173 1474 2226 honorant,
1502 2181 1545 2219 et

96 2254 415 2305 contemptores
474 2250 560 2293 mee?
613 2256 863 2307 contemptu
921 2251 1193 2307 afficz'entur.
1248 2249 1544 2296 Considerate

96 2328 244 2368 autem
290 2339 524 2384 quamnam
572 2325 826 2371 mercedem
870 2327 1126 2386 receperint
1162 2327 1424 2373 sacerdotes
1464 2328 1542 2388 qui

96 2400 394 2446 ministerium
445 2402 624 2448 Domini
674 2409 1118 2464 contempserant...
1156 2423 1178 2444 »
1228 2404 1312 2450 Hic
1358 2404 1542 2451 adducit

136 2564 182 2602 (¹)
207 2563 270 2603 §5-

134 2617 181 2656 (2)
210 2617 425 2653 lsaiae1,¹7.

135 2673 180 2709 (3¹
206 2674 266 2713 Ap.
289 2676 429 2708 oseam,
452 2674 502 2708 tv.
520 2677 550 2705 ti.

134 2726 182 2763 (A)
210 2726 217 2756 Ι
239 2725 389 2767 Reyum.
411 2727 454 2764 lt,
469 2728 522 2759 30,
