1737 2950
75 317 195 378 quod
221 316 331 362 mihi
356 315 659 362 decretorium
692 315 886 370 videtur,
930 315 973 359 in
1015 315 1378 361 adversariorum
1419 331 1521 363 sen-

76 393 230 447 tentia,
254 393 329 453 qui
358 392 484 453 prius
511 393 592 438 hae
617 393 920 453 appellatione
946 392 1172 453 designati
1200 399 1306 439 sunt
1329 409 1337 438 ;
1365 413 1387 434 «
1415 394 1520 441 Oni-

73 494 155 527 nes
175 479 394 526 Ecclesiae
414 479 522 532 nati,
546 482 624 538 qui
648 482 876 526 nobiseum
899 489 1024 534 sunt,
1054 499 1076 520 »
1117 477 1221 538 Aah
1249 471 1382 549 σι’ῥ.
1411 481 1522 526 <aba

75 564 358 636 xzaxmox,
389 567 570 616 mutata,
589 563 804 623 loquendi
832 564 990 617 forma,
1009 565 1349 611 nominarentur
1371 585 1392 607 «
1424 582 1519 613 om-

73 665 154 698 nes
192 651 411 698 Ecclesiae
460 652 569 705 nati,
613 654 691 711 qui
732 653 955 698 vobiscum
992 660 1117 706 sunt,
1154 672 1175 693 »
1217 648 1327 721 ἰρι
1346 651 1520 698 eumz-2

73 776 82 786 .
107 739 299 807 Θρέιξ
323 738 427 796 Aah
449 737 588 799 1422
616 735 728 781 Aliis
754 735 924 788 verbis,
966 736 1043 795 qui
1070 736 1297 796 Wrightio
1342 738 1386 782 in
1433 739 1518 784 hoe

71 815 170 861 loeo
214 815 556 875 interpretando
603 813 863 860 consentire
907 813 1061 868 velint,
1096 814 1249 860 ambas
1282 815 1382 861 illas
1422 817 1517 863 die-

70 891 218 938 tiones
252 891 308 937 de
344 891 502 938 eodem
547 890 754 949 subjeeto
803 890 1002 950 prolatas
1051 903 1154 936 esse
1200 898 1388 951 propter
1425 894 1516 939 evi-

68 967 248 1014 dentem
292 968 617 1014 sententiarum
661 966 1014 1027 parallelismum
1062 966 1285 1013 fateantur
1327 983 1516 1016 neeesse

68 1052 138 1092 est
166 1062 175 1091 :
206 1046 358 1092 dicant
385 1047 539 1107 igitur,
573 1045 746 1095 amabo.
778 1045 1006 1105 quomodo
1032 1046 1218 1092 alteram
1247 1061 1347 1093 eum
1379 1049 1516 1094 altera

66 1122 352 1170 conciliaturi
380 1124 487 1170 sint.

133 1210 458 1257 Concludimus
501 1211 763 1271 Georgium,
800 1211 980 1271 quando
1006 1218 1107 1278 <aa
1133 1226 1383 1271 pronomen
1421 1216 1508 1261 loe.

66 1295 142 1340 eit.
190 1295 319 1355 legit,
364 1295 473 1341 illud
517 1295 699 1355 quidem
744 1295 799 1340 de
842 1309 924 1340 suo
960 1295 1212 1348 addidisse,
1254 1297 1513 1345 nullatenus

66 1378 212 1418 tamen
238 1387 423 1419 sensum
467 1379 682 1424 mutasse,
714 1373 802 1417 imo
840 1372 1058 1432 liquidius
1096 1373 1303 1419 eumdem
1331 1383 1373 1420 et
1411 1389 1513 1422 eum

65 1451 267 1510 emphasi
303 1450 493 1511 quadam
530 1448 842 1509 expressisse;
889 1450 1001 1494 nihil
1030 1450 1168 1510 igitur
1194 1465 1246 1496 ex
1273 1452 1355 1497 hae
1386 1459 1513 1512 parte

65 1526 246 1573 obstare
289 1526 429 1572 valori
478 1526 733 1586 argumenti
785 1540 873 1585 quo
923 1527 1182 1587 Sapientem
1233 1529 1416 1574 Persam
1469 1530 1512 1575 in

64 1605 334 1650 clericorum
367 1618 555 1650 censum
591 1605 777 1650 relatum
815 1619 916 1651 esse
951 1606 1376 1654 demonstravimus.
1417 1608 1510 1655 Cae-

64 1688 208 1728 terum
237 1682 350 1727 hane
376 1682 615 1741 scriptoris
651 1682 796 1727 nostri
832 1682 1116 1742 dignitatem,
1148 1684 1281 1729 etiam
1315 1685 1512 1733 admissa

63 1758 278 1818 Wrightii
307 1759 698 1818 interpretatione,
729 1759 771 1803 in
799 1759 953 1804 eadem
990 1762 1185 1818 Episto‘a
1221 1762 1339 1808 clare
1369 1765 1510 1809 inani-

65 1835 219 1881 sestari
249 1837 382 1881 modo
413 1851 502 1896 quo
533 1837 587 1881 de
616 1836 827 1882 fidelihus
854 1845 897 1882 et
925 1838 1136 1885 universo
1163 1841 1285 1886 clero
1313 1841 1513 1900 loquitur

63 1919 237 1966 auctor,
268 1913 379 1958 satis
405 1913 575 1973 patebit
602 1927 653 1959 ex
679 1913 791 1958 infra
818 1913 1042 1960 dicendis.

283 2100 304 2158 ξ
343 2100 387 2146 3.
431 2115 482 2145 DE
521 2114 735 2146 memma
772 2115 1004 2148 eriseoriti
1043 2117 1285 2149 Aeflanus.

130 2235 268 2281 Misso
305 2234 382 2279 illo
409 2232 614 2286 exordio,
649 2233 704 2280 de
741 2234 870 2294 eujus
897 2235 1234 2295 significatione
1266 2243 1309 2282 et
1338 2238 1378 2282 vi
1406 2253 1509 2298 pro-

64 2311 209 2357 bativa
248 2317 436 2371 propter
473 2324 628 2356 eorum
664 2311 740 2370 qui
784 2326 808 2356 a
851 2312 983 2357 nobis
1029 2312 1308 2359 dissentiunt
1348 2328 1511 2360 nomen

65 2394 198 2449 atque
223 2387 535 2433 auctoritatem
559 2388 692 2447 paulo
719 2388 864 2434 fusius
885 2388 1209 2448 disputandum
1230 2392 1508 2444 censuimus,

65 2477 273 2524 gressum
315 2465 509 2511 facimus
553 2465 606 2510 ad
651 2465 877 2527 integrum
922 2469 1132 2525 Epistoloe
1173 2469 1275 2513 XIV
1308 2474 1511 2515 tenorem

65 2541 428 2595 examinandum,
461 2548 507 2587 ut
534 2541 638 2587 inde
666 2557 874 2589 eruamus
912 2544 1170 2604 Sapientem
1205 2546 1389 2591 Persam
1424 2560 1512 2592 non

65 2624 235 2664 tantum
287 2618 332 2663 in
383 2617 635 2663 hierarchia
693 2619 1006 2666 ecclesiastiea
1052 2622 1378 2675 constitutum,
1432 2623 1512 2668 sed

67 2695 314 2756 episcopali
343 2695 563 2756 dignitate
590 2695 829 2755 praeditum
857 2697 1015 2743 fuisse.
