1737 2950
746 232 1044 276 ..334-

179 359 290 406 telas
331 372 504 405 araneae
547 358 749 413 induere,
790 359 1010 406 labruscae
1048 359 1208 407 baccas
1258 360 1527 409 manducare
1567 368 1612 409 et

177 437 399 496 abjectum
432 435 645 482 adhihere
670 441 921 496 argentum.
955 437 1017 482 lta
1055 437 1249 483 Sodoma
1282 444 1326 484 et
1363 437 1467 484 filiae
1492 437 1608 498 ejus,

178 529 277 574 quae
291 513 511 572 justiores
532 513 859 573 Hierosoly-mne
881 513 1021 566 fuere,
1043 519 1289 574 exsurgent
1307 515 1463 575 quales
1487 521 1610 562 ante-

178 594 259 638 hac
285 596 433 643 erant;
464 596 507 635 at
532 590 862 650 Hierosolyma,
893 605 993 650 quae
1020 590 1259 637 Sodomam
1290 591 1489 651 peccatis
1514 592 1611 638 suis

177 667 423 728 superavit,
454 667 496 711 in
524 666 592 712 his
619 666 900 726 permanebit
926 673 970 712 et
995 667 1038 712 in
1069 668 1277 714 vastitate
1308 668 1606 729 relinquetur,

176 745 322 790 donec
355 743 561 789 eveniant
598 757 696 802 quse
737 743 778 787 in
816 749 1033 788 aeternum
1068 744 1315 790 constituta
1339 751 1459 791 sunt.
1491 744 1612 791 Dicit

175 828 321 868 autem
347 820 551 866 Ezechiel
579 819 627 879 (¹)
659 836 667 865 z
697 821 798 864 Hoec
822 819 912 880 fuit
938 823 1155 879 iniquitas
1188 822 1382 868 Sodomoe
1415 829 1458 868 et
1492 822 1610 880 filia-

174 914 276 944 rum
305 897 402 959 ejus
431 898 546 956 qnod
572 911 755 942 manum
780 898 959 942 miseris
990 905 1030 943 et
1052 900 1325 956 pauperibus
1349 912 1436 944 non
1465 900 1608 956 porri·

173 983 324 1034 flerent
339 994 352 1030 ;
379 989 511 1033 quam
539 987 639 1018 cum
666 973 874 1018 vidissem
915 975 962 1018 in
995 975 1076 1026 eis,
1115 975 1291 1020 easdem
1318 975 1516 1020 subverti
1539 972 1604 1036 (2).

176 1053 368 1097 Numera
410 1064 545 1110 porro
587 1056 631 1095 ct
668 1049 846 1095 attende
889 1049 942 1095 ab
986 1056 1115 1096 aetate
1149 1065 1235 1110 qua
1274 1050 1504 1097 destructa
1540 1057 1611 1097 est

175 1129 368 1175 Sodoma
410 1141 553 1187 usque
596 1126 648 1171 ad
691 1126 1035 1172 {edificationem
1086 1127 1412 1187 IIierosolymae
1455 1127 1609 1187 lapsos

172 1219 275 1251 esse
300 1218 442 1249 annos
469 1201 579 1248 896.
615 1203 858 1262 Postquam
886 1202 1064 1248 scilicet
1096 1203 1216 1248 Deus
1247 1200 1502 1249 Abrahamo
1527 1216 1609 1263 per

172 1281 381 1341 angelum
418 1280 514 1326 haec
552 1278 770 1324 nuntiavit
795 1276 841 1339 (3)
879 1295 886 1323 :
929 1281 1054 1324 Anno
1083 1281 1288 1337 proxime
1318 1278 1490 1340 futuro,
1529 1280 1608 1325 hoc

171 1359 281 1402 anni
316 1365 520 1414 tempore,
547 1356 606 1401 ad
640 1363 680 1401 te
711 1363 930 1409 revertar,
971 1357 1123 1401 eterit
1157 1357 1299 1410 Saroe,
1331 1357 1464 1401 uxori
1496 1364 1602 1410 tuae,

170 1436 312 1492 filins,
342 1433 488 1494 quoad
531 1433 726 1479 Jacobus
755 1433 796 1477 in
824 1433 1068 1493 AEgyptum
1111 1433 1349 1494 ingressus
1386 1439 1474 1486 est,
1502 1426 1606 1478 anni

171 1512 350 1557 suerunt
393 1509 485 1555 200
528 1508 591 1571 (4);
641 1509 720 1553 filii
761 1516 906 1554 autem
947 1509 1104 1555 Jacobi
1148 1509 1191 1554 in
1229 1509 1423 1569 AEgypto
1464 1522 1606 1554 annos

173 1587 265 1632 205
292 1587 554 1633 commorati
582 1592 703 1637 sunt,
744 1586 800 1631 iia
835 1592 881 1631 ut
914 1600 1071 1631 omnes
1106 1585 1208 1630 anni
1247 1600 1270 1630 a
1307 1585 1605 1644 conceptione

171 1666 309 1711 lsaaci
347 1671 390 1710 et
426 1663 633 1710 Sodomae
668 1663 902 1708 eversione
938 1676 1081 1722 usque
1119 1662 1171 1707 ad
1207 1662 1517 1722 egressionem
1552 1675 1605 1707 ex

170 1743 363 1803 AEgypto
397 1741 485 1786 sint
518 1739 610 1784 419
639 1739 701 1799 (5).
735 1739 845 1785 Dein
872 1739 925 1784 ab
958 1739 1077 1785 exitu
1115 1739 1295 1785 Israelis
1330 1753 1383 1785 ex
1408 1739 1603 1799 AEgypto

171 1819 315 1880 quoad
339 1818 649 1878 Hierosolyma
676 1816 887 1875 majorem
914 1822 1085 1876 partem
1126 1830 1150 1861 a
1185 1816 1423 1862 Salomone
1458 1813 1600 1861 aedifi-

170 1902 265 1941 cata
312 1902 382 1941 est
429 1895 734 1954 templumque
781 1898 1110 1945 constructum,
1156 1891 1258 1937 anni
1309 1895 1599 1937 numerantur

214 2049 260 2086 (i)
287 2045 410 2078 Ezech.
430 2044 657 2083 xx·1,⁴9‚50.

213 2102 258 2137 (Ξ)
286 2102 506 2133 Postremum
527 2098 593 2130 hoc
611 2096 761 2129 incisum
782 2100 854 2128 tum
874 2095 967 2137 apud
989 2095 1213 2137 Aphraatem,
1234 2099 1306 2127 tum
1327 2094 1361 2127 in
1388 2094 1602 2134 Peschittha,

170 2168 220 2201 sic
247 2175 285 2200 se
313 2167 419 2199 habet
451 2175 458 2195 t
484 2152 576 2214 <di
599 2163 713 2193 7-me
734 2167 860 2210 <am-2
885 2161 993 2207 Δ-ιμ
1015 2153 1144 2212 <⁸⁵⁶¹
1170 2169 1241 2213 ρο
1267 2181 1275 2190 .
1301 2161 1385 2202 Quae
1402 2158 1602 2203 propositio

169 2241 314 2266 sensum
333 2232 476 2274 quidem
497 2230 613 2263 fundit
629 2238 647 2262 a
667 2230 810 2271 vulgata
830 2232 953 2261 nostra
972 2228 1168 2264 diversum.
1186 2232 1221 2260 at
1250 2230 1366 2259 textus
1394 2224 1600 2267 primigenii

170 2287 239 2320 vim
268 2290 430 2319 accurate
459 2285 639 2327 exprimit.
670 2285 706 2316 in
736 2284 793 2315 iiia
823 2282 956 2324 quippe
986 2282 1060 2316 haec
1087 2282 1277 2323 leguntur:
1304 2280 1346 2314 Et
1373 2279 1503 2312 abstuti
1527 2287 1601 2319 eas,

170 2353 260 2384 sicne
280 2351 413 2386 vidisti:
435 2349 598 2382 hebraice
616 2358 698 2382 vcro
718 2362 724 2383 :
752 2343 894 2403 ὌἹζᾞ
936 2343 1070 2396 Ἶῖζέξ
1099 2343 1230 2404 ’pm-‚3
1261 2342 1402 2402 '7‘0'25'2

214 2407 259 2443 (3)
287 2404 397 2437 Genes
431 2405 547 2438 xviii.
573 2406 620 2435 ιι.
988 2398 995 2404 ”
1142 2397 1148 2403 “
1179 2399 1186 2405 ·
1215 2396 1222 2403 ·

213 2462 260 2497 (4)
287 2463 332 2493 ue
350 2460 445 2492 hisce
460 2460 644 2500 Apnraatis
659 2461 988 2502 computationibus
1003 2460 1154 2502 plurima
1169 2458 1354 2493 codicibus
1368 2466 1454 2493 mss.
1472 2460 1600 2493 menda

170 2516 360 2559 irrepsisse
385 2524 441 2548 res
469 2514 545 2556 ipsa
572 2515 691 2547 statim
722 2515 950 2549 manifestum
976 2516 1092 2549 faciet.
1114 2515 1240 2548 Isthaec
1257 2518 1295 2547 ut
1313 2515 1466 2555 tolieret,
1483 2515 1600 2549 varias

170 2581 358 2624 proposuit
381 2579 604 2621 conjecturas
632 2579 863 2614 doctissimus
891 2580 1092 2623 Wrightius
1119 2581 1168 2623 (p.
1193 2586 1310 2632 aas*
1334 2581 1465 2623 seqq.)‚
1491 2588 1599 2623 quem

170 2637 295 2669 ducem
325 2635 358 2667 in
387 2635 520 2668 notulis
546 2635 590 2668 de
617 2635 681 2668 hac
709 2643 747 2669 re
775 2635 946 2678 subjectis
971 2634 1169 2677 sequimur.
1189 2637 1227 2669 in
1252 2634 1420 2678 praesenti
1439 2634 1517 2669 ioco
1533 2641 1598 2677 pro

170 2691 233 2723 200
252 2690 438 2732 legendum
460 2694 579 2722 monet
596 2690 672 2723 20⁴.

212 2746 258 2784 (5)
281 2745 383 2777 Juxta
400 2743 477 2778 cod.
497 2748 522 2777 Α
541 2754 548 2776 :
568 2745 642 2777 409.
663 2745 746 2786 Quae
764 2743 869 2778 lectio
886 2744 1039 2788 genuina
1060 2743 1213 2777 videtur.
