1737 2950
657 143 952 186 *215—

78 273 240 319 fuisset
265 272 586 332 excogitatum.
618 291 638 312 »
667 271 722 317 At
747 271 824 331 qui
851 270 953 316 talia
980 269 1126 315 effutit
1151 282 1245 315 rem
1273 282 1357 313 non
1387 267 1520 314 habet

77 351 188 398 satis
229 356 530 411 perspectam.
585 349 895 395 Mardocliaeus
939 354 986 394 ut
1034 348 1101 393 vir
1141 347 1293 406 justus
1342 353 1386 392 et
1429 346 1518 406 legi

77 429 285 475 addictus
328 435 433 475 tunc
471 429 578 488 egit.
619 427 761 487 lmpio
795 426 950 472 Amani
992 440 1079 472 non
1113 425 1379 478 assurrexit,
1417 424 1521 484 quia

79 506 395 551 considerabat
429 506 623 552 Saulem.
668 519 881 564 proavum
919 518 1066 556 suum,
1097 517 1150 550 eo
1185 503 1306 563 quod
1345 501 1522 547 miseri-

78 583 276 628 cordiam
318 583 358 627 in
403 596 553 641 regem
589 582 733 642 Agag,
775 581 958 627 Amanis
993 581 1352 642 progenitorem,
1394 592 1523 624 exer-

78 661 268 714 cuisset,
293 661 409 706 solio
435 661 656 720 privatum
680 673 782 705 esse
804 666 846 705 et
867 659 1063 705 divinam
1085 659 1127 703 in
1151 672 1200 704 se
1220 656 1524 704 concitavisse

81 738 207 783 iram.
238 738 364 784 Sicut
397 745 544 783 autom
581 738 624 782 in
659 737 836 783 Saulem
875 737 1042 783 exarsit
1078 735 1308 782 iracundia
1336 735 1433 785 Dei,
1464 733 1523 779 ita

79 815 324 862 exarsisset
351 822 394 861 et
427 816 470 860 in
499 815 849 867 Mardochaeum,
881 814 918 860 si
960 814 1032 860 hic
1070 814 1273 875 iniquum
1310 812 1524 858 Amanem

80 894 251 939 honore
277 893 491 953 dignatus
519 899 660 938 esset..

145 971 240 1030 Age
265 985 388 1022 vero,
417 971 576 1017 amice.
607 983 744 1030 quare
770 970 950 1015 Amalec
976 984 1070 1029 prae
1096 968 1308 1015 omnibus
1335 967 1525 1028 reliquis

79 1049 262 1109 populis
301 1048 456 1093 Israeli
493 1047 710 1101 occurrit,
741 1054 788 1093 ut
826 1061 925 1092 cum
958 1061 1012 1093 eo
1037 1046 1303 1092 dimicaret?
1333 1073 1391 1079 ---
1420 1046 1527 1091 Haec

82 1126 290 1172 nimirum
325 1139 480 1171 secum
518 1125 742 1184 reputavit
774 1142 781 1169 :
817 1143 837 1166 «
864 1124 1178 1185 Egrediamur‚
1216 1123 1383 1170 bellum
1420 1122 1527 1168 filiis

77 1204 234 1250 Jacobi
263 1203 534 1255 inferamus;
562 1209 607 1248 et
632 1202 770 1248 Isaaci
811 1202 1155 1248 benedictiones
1192 1202 1236 1246 in
1274 1201 1340 1247 eis
1376 1200 1528 1246 irritas

80 1282 341 1328 reddemus.
373 1300 395 1321 n
424 1280 761 1326 Reformidabat
789 1280 906 1326 enim
934 1279 1287 1326 dominationem
1328 1277 1524 1323 filiorum

78 1357 258 1407 Jacobi.
306 1372 358 1404 eo
403 1358 523 1418 quod
571 1357 653 1403 ista
697 1358 879 1403 lsaacus
922 1358 1067 1403 Esavo
1109 1356 1382 1416 praedixerat
1424 1352 1472 1415 (1)
1511 1370 1519 1398 ;

79 1437 251 1488 Jacobo,
280 1434 421 1496 fratri
447 1442 520 1480 tao
544 1436 740 1490 servies;
768 1435 846 1480 sed
864 1435 904 1478 si
923 1447 1161 1479 conversus
1185 1431 1347 1494 fueris,
1371 1446 1398 1476 a
1418 1432 1527 1476 collo

81 1521 156 1559 tuo
191 1515 427 1570 auferetur
443 1513 607 1570 jugum
640 1513 753 1570 ejus.
785 1510 1157 1556 Animadvertere
1191 1523 1328 1570 porro
1362 1508 1521 1562 debes,

80 1591 262 1637 Amalec
298 1604 351 1636 ex
387 1589 640 1635 concubina
675 1589 874 1649 Eliphaz,
907 1588 986 1633 filii
1024 1588 1173 1642 Esavi,
1212 1593 1364 1633 natum
1400 1600 1519 1633 esse.

80 1669 273 1715 Nolebat
296 1673 443 1713 autem
468 1667 665 1727 posteris
689 1667 845 1713 Jacobi
873 1667 1058 1712 servire.

148 1746 264 1803 Quid
300 1746 431 1791 etiam
467 1759 616 1791 causa>
654 1752 740 1797 est,
772 1745 1026 1797 carissime,
1057 1758 1137 1790 cur
1173 1745 1354 1790 isaacus
1380 1743 1525 1789 Esavo

81 1825 247 1871 dixerit
292 1840 299 1868 t
348 1825 502 1868 Fratri
543 1830 616 1869 tuo
657 1824 811 1868 Jacobo
851 1823 1050 1868 servies?
1097 1850 1156 1856 —
1194 1823 1256 1868 Ea
1289 1827 1360 1867 est
1392 1821 1526 1867 istius

81 1900 395 1963 praedictionis
435 1900 565 1951 ratio,
605 1900 725 1960 quod
771 1901 943 1946 Esavus
978 1913 1149 1945 uxores
1182 1899 1439 1958 accepisset
1473 1912 1525 1944 ex

84 1978 261 2024 filiabus
299 1977 524 2028 Chanaan,
556 1977 627 2022 cui
667 1976 878 2022 Noachus
911 1990 1019 2022 avus
1056 1976 1179 2021 hisce
1205 1975 1358 2021 verbis
1391 1976 1526 2022 malc-

82 2057 255 2102 dixerat
276 2055 323 2115 (a)
354 2071 361 2099 :
393 2056 557 2100 Servus
574 2069 806 2101 servorum
831 2056 921 2099 eris
945 2053 1143 2115 fatribus
1169 2055 1277 2099 tuis.
1310 2054 1528 2109 Quoniam

83 2133 233 2192 itaque
261 2137 477 2177 noverant
499 2130 780 2177 Abrahamus
807 2138 852 2176 et
878 2131 1058 2176 lsaacus
1086 2130 1365 2176 Chananaeos
1391 2130 1527 2177 male-

83 2208 272 2255 dictioni
316 2208 569 2267 subJ'acere,
617 2208 776 2254 horum
813 2207 928 2253 filias
964 2207 1070 2253 tiliis
1105 2207 1202 2253 suis
1235 2221 1402 2253 uxores
1439 2221 1527 2254 non

85 2293 404 2347 sumpserunt;
451 2301 527 2332 eas
570 2287 747 2333 scilicet
791 2301 874 2333 nec
912 2286 1194 2333 Abrahamus
1238 2287 1409 2341 Isaaco,
1447 2301 1530 2334 nec

87 2367 266 2412 lsaacus
293 2365 464 2411 Jacobo
491 2366 777 2412 matrimonio
797 2366 1062 2425 junxerunt,
1094 2379 1148 2410 ne
1175 2364 1530 2412 Chananaeorum

86 2457 260 2497 semen,
302 2443 609 2490 maledictioni
647 2443 916 2502 subjectum,
958 2443 1226 2489 misceretur
1267 2456 1368 2489 cum
1413 2443 1531 2490 Semi

134 2633 181 2670 (1)
209 2631 332 2665 Genes.
356 2631 484 2669 xxvii,
503 2631 556 2662 40.

135 2687 182 2724 (2)
211 2685 335 2720 Genea.
357 2686 409 2724 ΙΧ,
430 2685 483 2718 25.
