1737 2950
637 194 931 236 -175—

70 319 361 380 publicatam,
399 318 621 373 adhibuit,
658 331 849 379 eamque
884 331 984 364 eum
1022 323 1145 364 textu
1185 317 1413 378 originali,
1458 320 1510 370 ad

71 398 283 458 majorem
308 397 546 458 utriusque
573 396 939 450 illustrationem,
970 396 1179 442 contulit.

600 558 887 587 ARTICULUS
922 557 991 586 111.

105 654 449 699 Demonstratur
473 654 749 711 Aphraatem
775 659 1003 698 auctorem
1027 665 1123 698 esse
1153 654 1317 712 viginti
1342 655 1479 698 trium

241 731 541 788 Epistolarum
563 743 663 788 quae
685 731 766 774 sub
790 728 890 790 ejus
914 731 1091 776 nomine
1114 728 1344 790 seruntur.

141 874 189 919 In
237 873 428 920 articulo
477 874 681 934 proxime
728 879 998 935 antegresso
1046 874 1364 934 exposuimus,
1415 876 1520 922 inde

76 950 254 998 demum
302 951 356 997 ab
406 951 589 997 invento
638 957 760 997 textu
819 951 1005 1012 Syriaco
1053 953 1355 998 Homiliarum
1401 953 1518 1013 apud

76 1041 234 1074 omnes
281 1034 492 1074 constare
538 1028 594 1074 de
643 1041 749 1074 vero
798 1028 998 1087 ipsarum
1045 1035 1245 1075 auctore.
1300 1030 1519 1085 Quoniam

78 1105 227 1165 itaque
252 1104 306 1151 ad
332 1105 443 1151 illud
467 1119 611 1165 usque
639 1112 816 1165 tempus
842 1106 1072 1166 pleraeque
1098 1120 1252 1152 earum
1278 1107 1324 1152 S.
1348 1107 1518 1154 Jacobo

78 1182 298 1228 Nisibeno
329 1182 556 1228 attributae
594 1188 716 1236 sunt,
756 1181 873 1227 haud
909 1182 1067 1228 inutile
1107 1196 1190 1229 neo
1228 1183 1522 1242 injucundum

79 1259 164 1305 erit
188 1259 462 1319 disquirere,
493 1259 659 1319 quibus
696 1259 1000 1305 fundamentis
1035 1260 1175 1305 innixi
1215 1275 1303 1307 uno
1335 1275 1413 1307 ore
1433 1262 1524 1320 jam

79 1340 285 1382 asserant
308 1335 392 1381 viri
430 1335 571 1388 docti,
602 1338 947 1382 Dissertationes
979 1343 1073 1382 tres
1111 1343 1154 1382 et
1190 1337 1371 1397 viginti,
1412 1353 1525 1397 quas

79 1413 282 1460 continet
306 1413 445 1459 editio
470 1414 771 1474 Wrightiana‚
801 1413 1059 1473 Aphraatis‚
1091 1414 1319 1474 Sapientis
1352 1416 1522 1469 Persae,

80 1492 235 1537 foetum
283 1505 404 1538 esse.
452 1492 550 1547 Quo
592 1492 635 1536 in
680 1492 885 1538 examine
928 1492 1209 1538 instituendo
1258 1493 1344 1539 hoo
1392 1493 1527 1539 modo

80 1568 445 1630 progrediemur,
470 1575 518 1615 ut
542 1569 670 1629 prius
697 1569 928 1628 praecipua
952 1569 1237 1629 proferamus
1263 1575 1527 1630 argumenta

81 1645 320 1693 sententiae
356 1652 542 1698 nostrae‚
585 1646 688 1692 dein
727 1646 1070 1692 difficultatibus
1109 1661 1209 1706 quae
1244 1653 1401 1692 eontra
1432 1660 1528 1693 eam

81 1723 252 1783 opponi
283 1729 475 1783 possent
510 1724 579 1769 vel
618 1723 843 1783 opposita}
881 1737 1077 1783 unquam
1116 1724 1296 1770 fuerunt
1334 1724 1530 1770 breviter

83 1799 458 1859 respondeamus.

138 1960 160 2018 ᾗ
199 1961 542 2007 1.}{0MIL1ARUM
580 1974 797 2007 AUCTOREM
836 1975 1083 2006 APHRAATEM
1122 1975 1217 2007 ESSE
1254 1975 1469 2008 PROBATUR

282 2052 540 2084 ARGUMENTIS
567 2052 656 2090 QUAE
684 2053 734 2083 AD
760 2052 852 2084 TRIA
878 2052 1019 2084 CAPlTA
1048 2053 1334 2084 REDUCUNTUR.

87 2181 119 2226 1.
150 2182 479 2242 Arqumentum
508 2195 564 2227 em
591 2182 792 2228 codicum
821 2183 1233 2240 manuscriptormn
1261 2183 1527 2228 testimonio.

152 2313 209 2358 Ut
227 2326 363 2372 supra
384 2312 597 2366 vidimus,
624 2320 716 2358 tres
735 2312 878 2358 adhuc
900 2313 1068 2372 reperti
1090 2312 1213 2358 fuere
1235 2314 1533 2358 Homiliarum

88 2403 167 2436 seu
194 2390 497 2448 Epistolarum
523 2389 578 2435 de
605 2389 772 2450 quihus
799 2390 978 2450 agimus
1005 2389 1188 2435 codices
1216 2390 1531 2449 manuscripti,

88 2465 164 2526 qui
196 2466 465 2525 praecellunt
500 2471 593 2511 tum
631 2466 898 2526 antiquitate
924 2466 992 2526 (i),
1034 2471 1127 2510 tum
1163 2465 1374 2511 omnibus
1414 2466 1535 2511 notis

133 2621 181 2660 (1)
207 2619 300 2653 Scite
316 2619 469 2654 advertit
486 2620 529 2653 cl.
552 2619 762 2664 Wrightius‚
780 2629 836 2660 01)-
856 2621 933 2659 cit.,
952 2619 1088 2662 praefat.
1110 2629 1144 2662 p.
1168 2621 1220 2659 ¹5,
1240 2619 1356 2653 codici
1390 2621 1425 2658 Β,
1445 2619 1538 2652 inter

89 2672 198 2708 codd.
233 2673 293 2717 qui
326 2674 534 2717 scriptionis
566 2683 714 2714 annum,
741 2683 760 2708 a
787 2674 945 2708 librariis
972 2678 1197 2714 annotatum,
1229 2682 1302 2716 prae
1332 2682 1370 2707 se
1404 2673 1536 2713 serunt,

91 2731 255 2770 quartum
276 2729 406 2769 locum,
424 2728 454 2762 si
472 2733 685 2763 vetustatem
705 2733 859 2772 spectes,
878 2733 1096 2771 competere.
