1737 2950
668 118 963 161 —191-

468 343 520 388 Α.
566 358 615 388 DE
653 356 909 390 ARGUMENTIS
946 356 1163 389 EXTERNIS.

158 491 428 539 Antonellus
453 491 508 537 ab
534 492 816 552 argumentis
843 490 1021 537 orditur
1043 492 1265 545 lancternis,
1298 490 1415 537 inter
1440 503 1541 550 quae

93 572 241 632 primo
268 572 368 618 loco
395 570 528 616 nobis
554 577 801 616 occurrunt
827 589 849 611 «
876 569 1174 615 Armenorum
1202 569 1411 616 codicum
1437 582 1542 614 con-

94 663 278 702 sensus,
313 667 335 689 »
381 648 579 708 itemque
625 667 647 688 «
678 654 894 694 constans
944 652 988 692 et
1034 653 1166 693 vetus
1216 646 1333 707 apud
1383 659 1544 692 omnes

94 726 318 773 Armenos
356 725 539 772 traditio
565 739 616 772 ac
640 725 879 786 persuasio
905 724 968 787 (1).
999 743 1021 766 »
1060 725 1116 770 Et
1153 738 1261 771 sane
1298 724 1396 770 haec
1432 723 1541 775 duo,

96 821 197 868 quae
222 820 245 851 a
270 806 368 852 viro
406 805 543 852 docto
577 805 846 866 allegantur,
878 805 938 850 ita
978 818 1138 864 reapse
1165 817 1214 850 se
1241 803 1425 853 habere,
1456 815 1544 847 non

97 889 167 930 est
192 882 325 929 nobis
350 896 431 929 cur
457 896 693 943 negemus.
724 881 808 927 Ast
844 882 1110 942 sequiturne
1150 880 1282 926 fidem
1322 880 1398 926 tali
1437 893 1545 925 con-

97 959 254 1007 sensui
296 973 347 1005 ac
387 959 678 1019 persuasioni
723 959 942 1006 continuo
985 957 1318 1004 adhibendam?
1362 956 1548 1001 Minime

97 1051 220 1083 vero.
263 1036 373 1082 Utut
414 1036 534 1082 enim
572 1036 721 1082 fucum
762 1037 847 1082 ista
885 1036 1033 1082 facere
1071 1035 1304 1095 potuerint
1343 1040 1549 1093 tempore

97 1112 344 1166 Antonelli,
373 1113 496 1159 edito
516 1113 604 1172 J'am
645 1112 922 1174 primigenio
958 1113 1263 1170 Epistolarum
1301 1116 1440 1163 textu,
1471 1110 1548 1170 qui

100 1191 337 1238 manifesta
362 1190 561 1237 indubiae
587 1191 871 1237 auctoritatis
898 1191 1066 1236 indicia
1091 1205 1185 1250 prae
1212 1204 1261 1236 se
1288 1189 1375 1235 fert
1402 1194 1446 1234 et
1471 1188 1548 1248 qui

100 1269 187 1315 sibi
216 1269 475 1330 Sapientem
503 1269 686 1314 Persam
713 1267 998 1314 conditorem
1025 1282 1129 1314 esse
1155 1273 1290 1328 atque
1315 1271 1550 1327 parentem

100 1347 268 1408 ubique
294 1347 470 1400 clamat,
499 1360 632 1391 nemo
671 1360 793 1392 sanae
832 1345 995 1391 mentis
1032 1345 1290 1405 oppositam
1329 1343 1549 1391 Armeno·

100 1440 199 1472 rum
235 1424 612 1471 documentorum
648 1425 717 1470 vel
754 1422 1030 1484 scriptorum
1069 1422 1332 1483 opinionem
1375 1421 1552 1468 curabit

101 1503 193 1550 ullo
238 1502 389 1549 modo.
432 1501 684 1549 Dicendum
728 1502 884 1564 igitur,
931 1516 1088 1562 quum,
1129 1501 1294 1546 latente
1338 1499 1551 1561 originali

100 1580 342 1642 Aphraatis
368 1587 509 1635 textu,
535 1582 633 1627 sola
658 1580 931 1640 exemplaria
951 1578 1218 1625 Armeniaca
1245 1583 1348 1623 nota
1374 1582 1547 1627 essent.

103 1659 211 1705 illud
239 1658 467 1705 Armenis.
496 1658 621 1719 genti
648 1657 702 1704 ad
730 1657 902 1703 fabulas
929 1657 1033 1716 plus
1060 1670 1209 1716 aequo,
1235 1654 1369 1701 sicuti
1393 1667 1552 1700 omnes

102 1732 286 1790 norunt,
328 1750 589 1796 propensae‚
631 1734 874 1790 accidisse,
916 1733 1036 1794 quod
1075 1747 1166 1779 non
1203 1746 1306 1778 raro
1349 1732 1391 1776 in
1431 1731 1552 1791 ejus-

103 1813 224 1859 modi
262 1812 487 1873 adjunctis
526 1826 609 1858 usu
647 1812 787 1865 venit,
822 1817 871 1857 ut
908 1810 1118 1856 nimirum
1158 1808 1428 1855 sententiam
1464 1807 1552 1853 sibi

102 1896 276 1952 gratam
302 1904 487 1950 suaeque
512 1889 638 1950 genti
664 1889 912 1950 gloriosam
948 1887 1076 1933 avide
1103 1886 1485 1946 amplecterentur
1509 1889 1555 1930 et

104 1968 310 2016 studiose
337 1974 696 2029 propugnarent.
742 1967 837 2023 Qua
862 1965 918 2012 de
944 1979 991 2011 re
1019 1979 1098 2011 eos
1124 1963 1338 2010 credulos
1367 1962 1553 2008 nimium

105 2060 189 2092 nec
213 2045 377 2092 solidis
399 2044 651 2091 rationibus
677 2043 840 2090 ductos
866 2042 1010 2088 fuisse
1048 2041 1118 2088 vel
1155 2039 1318 2086 exinde
1344 2044 1548 2100 apparet,

105 2121 227 2183 quod
254 2122 388 2169 simul
425 2126 686 2168 assererent
719 2120 940 2166 Homilias
975 2117 1030 2164 ad
1068 2117 1114 2164 S.
1147 2116 1418 2177 Gregorium
1447 2115 1552 2160 Illu-

106 2200 374 2246 minatorem
401 2199 598 2245 directas
625 2211 750 2250 esse;
790 2197 866 2257 qui
905 2202 1071 2249 tamen,
1112 2208 1228 2240 auno
1267 2192 1379 2247 336,
1416 2207 1552 2253 quum

106 2276 264 2322 decem
291 2276 469 2336 priores
491 2276 700 2334 Epistoloe
724 2273 1147 2328 conscriberentur,
1167 2271 1259 2330 jam
1284 2276 1385 2316 ante
1411 2283 1554 2314 annos

108 2359 300 2413 quatuor
327 2359 531 2399 mortuus
558 2359 652 2398 erat
677 2350 741 2413 (a).

174 2429 241 2475 Ad
268 2443 319 2476 ea
342 2444 450 2476 vero
475 2444 594 2489 quae,
625 2435 672 2475 ut
697 2428 787 2474 duo
814 2434 1079 2488 argumenta
1104 2440 1127 2471 a
1153 2424 1283 2470 nobis
1323 2424 1558 2482 hucusque

153 2606 202 2644 (l)
229 2603 335 2644 thid„
354 2613 389 2646 p.
409 2604 441 2637 Ξ.

157 2659 203 2698 (2)
231 2660 280 2692 lta
298 2658 454 2696 Sassius‚
474 2667 528 2697 ομ.
549 2658 593 2690 cit
615 2682 622 2694 ,
644 2666 664 2698 p
697 2658 728 2689 9.
