1737 2950
661 167 959 210 -195—

84 308 135 341 ac
178 294 243 340 illi
285 294 490 341 sentiunt
524 311 531 340 :
573 295 629 344 si.
671 294 870 355 inquam,
913 295 975 339 illi
1020 295 1090 341 his
1132 301 1288 341 essent·
1327 295 1520 352 similes,

82 371 235 418 nullus
277 371 483 432 profecto
532 372 574 416 in
619 372 798 418 illorum
840 372 1027 432 scriptis
1075 379 1199 418 esset
1246 373 1525 433 suspicionis

83 449 211 495 locus
241 465 249 493 :
281 448 475 509 simplex
502 449 620 495 enim
657 463 708 495 ac
743 449 983 495 candidum
1010 455 1080 496 est
1105 449 1304 496 virorum
1340 457 1525 511 aposto-

82 528 273 575 licorum
301 528 551 590 ingenium.
582 547 604 570 »

148 606 394 667 Hucusque
421 607 494 651 illa
521 606 753 652 Athanasii
782 607 931 661 verba,
957 621 1058 667 quae
1085 622 1167 668 pro
1194 622 1273 654 sua
1299 608 1525 654 sententia

79 684 244 746 allegat
267 683 553 730 Antonellus.
582 685 745 741 Quaero
771 691 920 730 utrum
946 699 999 731 ex
1026 686 1083 731 iis
1108 687 1376 732 conficiatur
1401 686 1523 746 quod

82 761 276 807 intendit
300 761 369 807 vir
405 761 640 807 eruditus?
676 761 722 808 Si
759 761 969 807 admittas
1004 763 1139 824 (quod
1178 777 1264 824 ego
1300 777 1388 809 non
1427 763 1525 808 infi-

81 838 202 899 tior),
232 852 333 884 eum
359 840 435 899 qui
462 841 668 894 Jacobus,
694 840 817 886 nullo
843 840 930 885 alio
958 840 1138 886 nomine
1164 840 1359 901 adjecto,
1388 856 1526 902 supra

81 921 283 970 vocatur,
314 929 416 962 esse
454 917 730 977 Episcopum
764 917 1050 963 Nisibenum.
1082 932 1186 963 num
1225 919 1376 964 statim
1414 919 1524 965 infe-

83 995 297 1048 rendum,
337 995 458 1042 hunc
495 995 689 1056 aliquam
728 995 783 1041 de
819 995 1024 1042 doctrina
1060 996 1281 1042 catholica
1317 997 1526 1043 lucubra-

82 1072 253 1119 tionem
294 1072 523 1124 edidisse,
571 1086 651 1118 seu
696 1091 718 1113 «
744 1072 930 1132 scriptis
973 1073 1069 1118 suis
1114 1073 1363 1119 Ecclesiam
1405 1075 1528 1120 illus-

83 1150 304 1197 travisse?
329 1169 350 1191 »
376 1150 433 1196 At
459 1151 580 1211 quis,
612 1151 698 1197 nisi
739 1158 1055 1211 praeconcepta
1088 1152 1304 1211 opinione
1343 1152 1523 1207 ductus,

83 1229 152 1274 vel
179 1228 333 1289 potius
360 1234 629 1282 excaecatus‚
663 1228 769 1274 illud
806 1243 1002 1290 unquam
1041 1230 1290 1289 putaverit?
1316 1231 1361 1276 Id
1391 1245 1527 1276 unum

84 1319 137 1351 ex
180 1306 313 1352 allato
362 1306 625 1353 testimonio
670 1307 763 1352 erui
810 1314 984 1367 potest,
1042 1308 1158 1353 inter
1207 1308 1331 1354 viros
1379 1309 1530 1355 ortho-

84 1384 214 1430 doxae
252 1383 357 1430 fidei
394 1384 602 1431 addictos
644 1385 780 1446 vulgo
824 1392 1082 1432 numeratos
1126 1386 1268 1432 fuisse
1309 1387 1527 1433 Jacobum

85 1461 353 1508 Nisibenum
380 1467 424 1508 et
461 1462 688 1508 Praesules
723 1476 881 1508 omnes
917 1463 993 1522 qui
1030 1477 1130 1509 cum
1170 1478 1223 1509 eo
1261 1463 1333 1509 hic
1369 1478 1528 1511 recen-

85 1545 265 1593 sentur;
288 1539 408 1594 ideo,
426 1540 464 1586 si
492 1555 591 1600 quae
612 1554 749 1600 opera
769 1541 1080 1601 vulgavissent
1105 1542 1174 1588 vel
1200 1548 1356 1588 essent
1373 1544 1528 1604 vulga-

84 1617 191 1670 turi,
222 1617 334 1671 haec,
365 1617 450 1663 etsi
478 1631 558 1677 per
583 1631 632 1663 se
659 1632 746 1664 non
785 1619 919 1664 unius
952 1619 1105 1665 forsan
1132 1633 1296 1666 sensus
1328 1621 1526 1680 capacia,

21 1752 28 1758 .
85 1694 205 1740 omni
232 1694 495 1755 suspicione
517 1695 745 1742 haereseos
771 1696 1021 1743 eximenda.
1051 1697 1230 1751 Paucis,
1254 1697 1532 1757 hypothetice

84 1771 140 1818 de
173 1773 354 1819 Patrum
391 1779 846 1820 commemoratorum
881 1776 1062 1833 scriptis
1098 1774 1298 1834 loquitur
1335 1775 1530 1822 Athana-

85 1849 201 1904 sius,
231 1850 402 1910 aliquid
427 1864 534 1896 vero
562 1850 818 1910 hujusmodi
845 1851 996 1911 reipsa
1017 1851 1212 1897 existere
1239 1866 1321 1898 nec
1343 1852 1532 1900 affirmat

87 1940 171 1973 nec
196 1933 333 1988 negat
363 1943 371 1972 :
403 1927 446 1972 id
474 1942 611 1988 quum
649 1928 816 1989 legenti
843 1934 982 1988 patet.
1014 1935 1106 1974 tum
1133 1942 1184 1974 ex
1212 1943 1265 1975 eo
1291 1930 1529 1976 confirma-

86 2011 157 2051 tur
206 2006 327 2067 quod
368 2007 538 2053 Jacobo
582 2007 736 2053 eadem
781 2007 1000 2054 orationis
1042 2008 1185 2053 forma
1230 2008 1532 2070 adjungantur

86 2083 303 2144 Episcopi
330 2084 476 2136 multi,
507 2099 529 2130 a
556 2085 721 2145 quibus
759 2085 922 2131 librum
960 2085 1198 2146 quemdam
1230 2086 1299 2131 vel
1326 2086 1528 2132 libellum

87 2167 313 2207 exaratum
340 2176 443 2208 esse
469 2176 601 2208 nemo
627 2162 803 2222 uspiam
829 2162 985 2208 audiit.

153 2239 283 2296 Quod
309 2245 485 2300 spectat
509 2240 563 2285 ad
589 2254 860 2301 anonymum
889 2241 1012 2286 illum
1040 2241 1116 2301 qui
1142 2247 1378 2287 tractatum
1405 2242 1530 2287 dedit

87 2318 148 2363 De
171 2317 488 2362 ecclesiasticis
525 2318 820 2375 dogmatibus³
868 2317 999 2364 facile
1035 2319 1302 2377 putaverim,
1335 2332 1434 2364 eum
1473 2319 1528 2365 dc

87 2393 291 2438 Homilz'is
318 2393 488 2439 nostris
515 2393 761 2454 cogitasse,
787 2394 893 2438 dum
915 2394 1009 2440 liaec
1029 2395 1254 2454 proferret
1284 2411 1290 2438 ;
1325 2414 1346 2435 «
1374 2396 1529 2455 Neque

88 2469 200 2516 duas
225 2469 396 2516 animas
422 2483 524 2516 esse
551 2471 746 2517 dicimus
774 2472 816 2516 in
844 2485 932 2517 uno
960 2472 1159 2525 homine,
1189 2472 1307 2518 sicut
1331 2473 1528 2519 Jacobus

88 2553 133 2593 et
157 2547 231 2593 alii
258 2547 473 2608 Syrorum
499 2548 722 2602 scribunt,
755 2563 887 2594 unam
913 2549 1167 2603 animalem,
1197 2564 1284 2610 qua
1309 2550 1530 2595 animetur

89 2638 256 2684 corpus
283 2632 328 2671 et
354 2625 552 2671 immixta
583 2626 642 2672 sit
666 2627 894 2687 sanguini,
925 2633 968 2672 et
1005 2628 1187 2673 alteram
1225 2627 1525 2687 spiritualem,

90 2715 190 2762 quae
217 2701 435 2749 rationem
463 2702 702 2748 ministret.
735 2722 756 2742 »
785 2703 872 2748 Sed
911 2709 957 2748 ut
994 2704 1269 2750 concedatur
1298 2705 1432 2750 verba
1457 2705 1531 2750 illa
