1737 2950
721 176 989 220 ..60-

141 301 212 347 vix
263 307 396 347 notus
444 300 578 347 fuerit
619 299 668 362 (1)
710 307 750 347 et
803 302 1048 363 pleraeque,
1095 302 1359 350 Armeniaca
1401 305 1581 355 civitate

140 380 333 432 donatae,
375 379 601 425 communi
641 393 794 426 errore
820 381 864 427 S.
895 381 1064 427 Jacobo
1089 381 1325 437 Nisibeno,
1355 383 1582 443 Ephraemi

142 456 380 516 magistro,
426 455 592 501 fuerint
633 457 875 503 attributae.
918 457 1046 504 Unde
1089 458 1208 503 nulla
1244 458 1327 504 suit
1368 458 1582 507 diuturno

142 539 345 592 tempore
371 532 484 578 ratio
511 532 768 593 inquirendi
794 534 864 580 vel
888 534 1097 580 narrandi
1126 534 1262 580 multa
1286 534 1342 581 de
1360 534 1582 596 Aphraate

143 614 320 664 nostro,
349 609 477 668 quus
504 610 614 655 nihil
638 610 776 656 ferme
803 611 889 657 nisi
918 625 1078 658 nomen
1106 611 1158 657 ad
1187 616 1400 671 posteros
1423 627 1581 673 perve-

144 691 283 732 nerat.
313 686 532 741 Quoniam
558 692 705 733 autem
731 701 868 747 opera
893 687 1086 734 duorum
1112 688 1311 734 virorum
1337 688 1392 735 de
1418 689 1584 737 litteris

144 762 342 823 Syriacis
382 762 551 822 optime
594 763 874 818 meritorum,
918 764 965 809 P.
1015 763 1223 824 Lagardii
1266 764 1460 821 scilicet,
1507 767 1584 827 qui

146 841 387 899 Epistolam
408 839 610 901 Georgii,
636 840 852 900 Episcopi
874 839 1087 893 Arabum,
1113 840 1199 886 huc
1219 847 1498 901 spectantem
1516 840 1581 906 (ἢ),

145 923 188 962 et
225 916 478 976 praesertim
517 916 616 963 Gul.
648 916 881 977 Wrigbtii,
911 916 986 976 qui
1022 917 1222 963 auctoris
1249 918 1390 964 nostri
1416 924 1584 965 textum

145 993 288 1039 edidit
326 993 366 1038 in
406 993 586 1053 vulgus,
618 1007 697 1039 sua
736 994 913 1039 tandem
953 992 1165 1053 Aphraati
1187 994 1287 1053 jura
1313 1000 1357 1041 ct
1390 995 1587 1043 honores

145 1070 352 1117 restituta
379 1077 501 1124 sunt,
532 1084 580 1116 ea
609 1071 650 1115 in
678 1085 813 1116 unum
842 1071 970 1131 quasi
997 1077 1292 1132 conspectum
1317 1073 1587 1134 colligamus

146 1163 246 1209 quae
282 1149 378 1194 sive
418 1149 460 1193 in
501 1148 643 1208 ipsius
683 1148 888 1209 scriptis,
920 1149 1016 1195 sive
1041 1149 1165 1207 alibi,
1193 1149 1248 1196 de
1279 1149 1368 1197 vita
1404 1156 1449 1196 et
1485 1150 1587 1198 fatis

146 1225 242 1285 ejus
268 1226 437 1286 passim
465 1231 724 1273 occurrunt.

616 1421 820 1472 CAPUT
858 1421 1124 1473 PRIMUM.

345 1562 405 1597 DE
442 1560 598 1597 mnus
636 1559 869 1597 AUCTORIS
907 1560 1078 1599 NOSTRl
1118 1560 1395 1599 NOMINIBUS.

703 1702 989 1732 ARTICULUS
1008 1704 1037 1731 1.

258 1809 470 1854 Eumdem
496 1820 589 1852 esse
613 1808 867 1865 Sapientem
893 1808 1078 1852 Persam
1103 1810 1180 1866 qui
1205 1808 1475 1866 AphraateS.

218 1939 414 1984 Primum
454 1938 602 1998 itaque
641 1938 959 1983 documentum
995 1938 1048 1983 ad
1076 1952 1159 1984 nos
1186 1952 1330 1999 usque
1354 1939 1590 1985 transmis-

150 2030 249 2062 sum
277 2016 319 2060 in
347 2029 437 2075 quo
463 2015 518 2060 de
544 2014 767 2074 Aphraate
794 2028 943 2060 sermo
971 2014 1047 2069 sit,
1076 2017 1275 2073 Epistola
1299 2029 1349 2061 ea
1375 2021 1445 2061 est
1463 2015 1592 2075 cujus

151 2098 322 2152 partem
350 2106 485 2151 supra
512 2091 666 2145 habes,
697 2097 741 2136 et
767 2105 899 2151 quam
939 2090 1163 2151 Georgius
1202 2105 1319 2137 anno
1356 2106 1458 2139 aerae
1494 2093 1591 2139 vul-

151 2169 273 2229 garis
313 2167 404 2212 714
442 2167 645 2227 scripsit,
686 2175 733 2213 ut
769 2167 1053 2214 satisfaceret
1088 2168 1356 2229 presbytero
1394 2169 1589 2223 cuidam,

152 2246 333 2292 nomine
365 2246 473 2291 Jcsu
511 2259 590 2290 seu
620 2246 776 2298 Josue,
806 2244 926 2291 varia
953 2244 1249 2306 interroganti
1294 2245 1350 2292 de
1383 2246 1588 2301 historia,

152 2322 385 2382 operibus,
427 2321 633 2367 doctrina
668 2323 890 2380 Sapientis
926 2323 1099 2377 Persoe;
1130 2322 1190 2367 ita
1215 2322 1334 2368 enim
1368 2321 1593 2383 Georgius

153 2399 423 2458 scriptorem
461 2398 516 2443 de
554 2412 643 2458 quo
680 2398 773 2458 agit
808 2398 976 2458 ubique
1013 2398 1237 2459 designat.
1274 2398 1361 2445 Sed
1382 2398 1473 2458 jam
1512 2411 1594 2445 nec

197 2551 243 2590 (t)
272 2550 344 2583 {mo
363 2557 428 2582 nec
442 2548 618 2591 superiori
636 2551 796 2590 tempore
809 2547 940 2582 aticubi
955 2551 1130 2590 apparent
1145 2550 1261 2582 textus
1277 2547 1410 2590 Syriaci
1429 2548 1592 2592 vestigia,

155 2604 222 2637 nisi
244 2604 278 2638 in
298 2603 407 2638 isaaci
437 2603 661 2644 Antiocheni‚
680 2603 739 2646 qui
770 2611 852 2637 saec.
873 2605 896 2634 V
925 2603 1023 2642 vixit,
1055 2602 1287 2637 carminibus.
1317 2605 1364 2637 De
1392 2602 1448 2637 his
1475 2603 1593 2646 aliqua

155 2664 357 2703 tangemus,
377 2659 435 2693 ubi
458 2659 605 2694 historia
623 2659 792 2694 litteraria
811 2660 1052 2694 Homz'tz'arum
1072 2659 1320 2695 concinnanda
1338 2658 1416 2693 crit.

198 2716 246 2756 (Ξ)
270 2715 406 2749 videsis
425 2716 598 2750 Analecta
615 2715 779 2759 syriaca,
801 2725 834 2759 p.
859 2717 921 2750 108
939 2723 1039 2759 seqq.
