1737 2950
750 207 1046 249 ,166-

531 417 553 475 §
589 416 635 463 4.
680 432 730 463 DE
765 431 954 464 mmmm:
990 432 1258 466 wainni-mm.

246 564 485 624 Apliraatis
528 564 670 610 nostri
713 570 862 610 textus
905 563 1229 624 primigenius,
1282 570 1520 625 postquam
1568 566 1612 610 in

182 641 554 687 bibliothecarum
581 640 748 700 pluteis
789 653 932 686 annos
957 639 1150 699 amplius
1176 640 1300 686 mille
1336 640 1539 695 latuerat,
1567 641 1612 687 in

182 718 404 777 publicam
432 718 575 763 lucem
602 717 781 763 tandem
807 716 938 762 datus
968 722 1038 763 est
1075 717 1288 771 Londini‚
1312 731 1429 764 anno
1465 715 1609 771 1869,

178 801 447 853 procurante
473 794 529 840 cl.
559 794 657 839 viro
693 793 915 839 Gulielmo
940 793 1185 853 Wrightio‚
1215 793 1344 852 cujus
1381 793 1544 840 eximia
1568 793 1612 839 in

181 871 376 931 linguam
403 871 628 930 Syriacam
665 877 710 916 et
744 870 890 915 varias
922 883 1070 916 rerum
1097 870 1381 916 orientalium
1407 870 1610 930 discipli-

180 961 258 992 nas
307 947 463 993 merita
510 947 670 993 exinde
715 960 988 1007 magnopere
1029 952 1156 993 aucta
1198 952 1318 993 sunt.
1365 947 1424 994 Ut
1465 952 1612 994 autem

179 1025 342 1069 librum
377 1024 450 1069 liic
485 1024 619 1070 edere
654 1030 828 1083 posset,
870 1024 946 1083 qui
981 1023 1181 1083 Sapienti
1217 1024 1369 1070 Persae
1401 1037 1481 1070 sua
1512 1023 1613 1083 jura

179 1101 470 1146 restituturus
507 1106 550 1146 et
584 1101 638 1146 ab
671 1101 879 1146 omnibus
917 1100 1121 1147 scientiae
1154 1100 1405 1146 cultoribus
1438 1100 1611 1161 ingenti

178 1177 343 1237 gaudio
391 1183 434 1222 et
481 1178 639 1236 plausu
683 1176 978 1236 excipiendus
1021 1182 1138 1232 erat,
1182 1176 1437 1222 facultatem
1477 1182 1611 1237 atque

178 1254 405 1299 materiam
432 1261 589 1299 nactus
616 1260 685 1299 est
710 1268 763 1299 ex
787 1252 1069 1314 amplissima
1095 1253 1169 1298 illa
1205 1259 1250 1299 et
1279 1252 1612 1313 pretiosissima

176 1331 446 1377 collectione
487 1330 628 1376 Codd.
669 1331 777 1376 Mss.
826 1330 1130 1390 Syr-iecorum,
1179 1330 1255 1389 qui
1297 1336 1399 1376 ante
1440 1329 1611 1390 aliquot

175 1408 395 1453 decennia
419 1421 471 1453 ex
500 1407 772 1452 monasterio
799 1407 844 1452 S.
871 1406 1021 1451 Mariae
1048 1406 1268 1466 Deiparae,
1291 1406 1609 1466 antiquissimo

178 1484 497 1530 monachorum
545 1483 964 1543 Monophysitarum
1014 1482 1272 1536 domicilio,
1323 1483 1369 1528 in
1414 1483 1609 1543 AEgypto

176 1561 378 1605 inferiori
403 1560 509 1613 sito,
541 1560 584 1604 in
611 1560 813 1605 Museum
850 1558 1157 1604 Britannicum
1187 1558 1362 1605 advecti
1388 1559 1513 1605 fuere
1537 1559 1601 1621 (1).

177 1637 266 1682 Has
303 1637 421 1682 enim
456 1650 584 1696 opes,
615 1635 765 1681 statim
797 1641 930 1694 atque
965 1635 1009 1679 in
1045 1635 1269 1694 Europam
1304 1635 1448 1682 allatae
1481 1640 1603 1689 sunt,

173 1728 345 1760 summa
380 1713 615 1773 diligentia
649 1712 923 1772 perscrutari
967 1719 1203 1772 coeperunt
1235 1717 1462 1773 quotquot
1492 1713 1609 1759 litte-

173 1805 326 1837 rarum·
360 1791 660 1837 Aramaearum
698 1804 993 1850 progressum
1031 1796 1074 1835 et
1116 1789 1181 1836 rei
1217 1790 1474 1837 christianae
1507 1791 1607 1837 uni-

171 1869 335 1914 versim
363 1869 529 1914 honum
565 1868 690 1914 cordi
726 1868 912 1920 habent;
954 1867 1149 1927 indeque
1188 1868 1326 1913 multa
1362 1867 1605 1928 depromp-

171 1952 327 1991 serunt
373 1945 614 1997 volunssna,
663 1945 732 1990 vel
781 1944 943 1990 Libros
993 1941 1177 1997 Sacros,
1227 1944 1298 1990 vel
1346 1949 1604 1989 sanctorum

171 2022 347 2067 l‘atrum
373 2022 538 2080 scripta
564 2021 748 2081 Syriaco
774 2033 984 2067 sermone
1012 2019 1284 2065 exhibentia.
1315 2020 1457 2065 Porro
1490 2019 1607 2065 inter

168 2105 375 2144 auctores
401 2111 592 2158 quorum
619 2111 773 2158 opera,
803 2097 949 2143 adhuc
976 2096 1224 2157 incognita²
1255 2096 1337 2141 hac
1361 2095 1603 2142 occasione

168 2189 191 2220 c
218 2174 305 2219 situ
343 2181 386 2220 et
423 2175 634 2234 squalore
669 2178 794 2219 eruta
836 2173 1017 2219 suerunt
1059 2172 1174 2218 haud
1217 2171 1417 2218 infimum
1454 2171 1603 2218 locum

166 2256 287 2295 tenet
311 2250 560 2309 Aphraates
600 2256 767 2296 noster.
801 2249 938 2308 Cujus
975 2248 1312 2294 lucubrationes
1349 2247 1470 2308 typis
1506 2248 1603 2295 vul-

213 2405 258 2433 ‹ti
287 2405 417 2435 {torum
437 2401 597 2435 omnium
615 2402 817 2441 elenchum,
836 2401 1015 2444 simulque
1041 2401 1349 2436 accuratissimam
1377 2402 1602 2447 singulorum

166 2456 443 2499 descriptionem
463 2456 572 2489 habes
589 2456 682 2498 apud
701 2456 928 2498 Wrightium,
948 2455 1136 2498 Gatacoyue
1165 2456 1205 2498 os
1230 2457 1288 2490 the
1317 2456 1447 2498 Syriae
1474 2465 1602 2491 mamc-

167 2513 292 2552 scrinis
310 2513 347 2545 in
364 2512 422 2545 the
440 2512 577 2545 Brilz'sh
598 2512 777 2552 museum,
793 2512 962 2553 acquired
983 2512 1078 2545 since
1096 2512 1156 2546 the
1180 2521 1264 2555 year
1293 2515 1387 2547 1838.
1410 2515 1456 2547 De
1484 2513 1602 2556 pretio

164 2572 281 2602 autem
300 2572 333 2601 et
351 2567 502 2601 utilitate
520 2567 744 2601 collectionis
769 2567 958 2602 Nitriensis
988 2568 1022 2601 in
1053 2577 1090 2602 re
1121 2568 1334 2612 theologica,
1362 2569 1543 2614 exegetica
1567 2573 1603 2604 et

167 2622 346 2666 patristica
365 2622 437 2665 agit
454 2622 581 2656 doctus
601 2622 756 2665 scriptor
774 2623 838 2663 Op.
857 2624 917 2656 cic.
937 2625 996 2664 ΙΙΙ,
1015 2623 1115 2667 praef.
1136 2634 1171 2667 p.
1199 2626 1240 2658 16
1266 2633 1367 2668 seqq.
1395 2624 1464 2659 Csr.
1492 2624 1599 2659 etiam

161 2679 203 2710 el.
227 2680 331 2720 Lamy
349 2678 561 2720 opusculum
590 2678 645 2711 cui
674 2678 826 2712 titulus:
850 2679 912 2713 Les
942 2681 1157 2715 manuscrits
1185 2681 1372 2723 syriaques
1402 2682 1450 2715 du
1479 2679 1599 2715 Museo
1626 2688 1630 2692 ⁴

162 2735 410 2776 Britannique.
436 2734 631 2773 Bruxelles,
656 2735 749 2768 1880.

1698 0 1727 109 11

1702 98 1727 190 l

1711 302 1729 440 l

1715 515 1729 547 ἃ

1714 816 1730 895 1
