1737 2950
667 175 853 217 -25‘
914 199 963 206 —

89 302 281 364 Propter
300 315 396 349 eam
425 301 606 348 inducta
631 308 701 348 est
728 301 984 349 maledictio
1011 302 1128 364 legis
1154 308 1198 349 et
1222 309 1410 364 propter
1433 317 1530 351 eam

91 379 223 426 morti
258 378 427 425 addicti
463 392 621 425 sumus
650 395 659 425 :
701 393 800 424 nam
840 379 883 424 in
919 378 1156 426 doloribus
1191 378 1362 426 liberos
1392 380 1528 441 parit,

88 470 261 517 eosque
287 455 421 502 morti
449 455 603 502 tradit.
634 455 744 515 Ejus
780 469 915 502 causa
952 461 1071 503 terra
1110 462 1343 503 exsecrata
1369 463 1456 513 cst,
1485 463 1534 504 ut

89 533 245 595 spinas
289 533 444 580 fundat
485 540 530 580 et
571 533 783 580 carduos.
826 533 990 580 Postea
1024 547 1131 580 vero
1174 547 1256 594 per
1292 533 1532 580 adventum

89 611 191 657 Filii
217 611 360 658 beatae
386 610 537 658 Mariae
564 610 709 672 spinae
736 610 903 657 evulsae
930 617 1038 658 sunt
1073 616 1117 658 et
1153 611 1280 658 labor
1305 611 1529 659 sublatus.

89 689 224 737 Ficus
260 688 444 750 quidem
489 688 799 736 maledictioni
839 689 1102 749 subjacebat
1143 696 1188 737 et
1227 696 1345 737 terra
1388 690 1430 736 in
1469 691 1535 737 sal

89 781 310 814 conversa
335 772 431 813 erat
456 764 528 827 (1);
568 766 649 813 sed
690 765 949 813 maledictio
987 766 1112 813 cruci
1150 766 1279 813 affixa
1309 773 1354 813 et
1379 781 1535 815 mucro

88 844 229 906 gladii
265 859 289 891 a
326 844 440 892 facie
465 844 644 891 arboris
683 844 788 891 vitae
824 844 1001 892 ablatus
1038 851 1124 892 est.
1157 846 1317 893 Datum
1355 851 1425 893 est
1460 846 1538 892 ali-

90 928 288 969 mentum
316 921 552 975 fidelibus;
595 921 855 969 hominibus
894 923 1000 983 piis,
1028 923 1177 984 iisque
1214 924 1291 985 qui
1323 924 1538 971 sanctita-

87 1005 178 1046 tem
215 1006 260 1046 et
295 998 604 1060 virginitatem
647 999 804 1045 colunt
845 1000 1086 1060 paradisus
1129 1001 1389 1061 promissus
1428 1000 1533 1054 fuit;

88 1077 322 1124 distributi
347 1083 454 1124 sunt
486 1076 661 1124 fructus
696 1077 874 1124 arboris
910 1078 1014 1124 vitae
1042 1079 1083 1124 in
1112 1092 1262 1125 escam
1302 1079 1534 1133 fidelibus,

89 1154 345 1216 virginibus
371 1161 415 1200 et
441 1154 532 1200 illis
559 1154 636 1214 qui
676 1154 756 1200 Dei
793 1154 1042 1215 adimplent
1078 1156 1373 1202 voluntatem.
1406 1156 1540 1202 Porta

89 1239 244 1295 aperta
281 1240 368 1287 est,
407 1238 547 1279 strata
585 1233 672 1288 via,
716 1233 836 1279 Fons
875 1233 971 1279 ssuit
1005 1241 1049 1280 et
1086 1241 1242 1295 potum
1277 1234 1540 1281 sitientibus

89 1311 327 1373 propinat;
369 1325 524 1357 mensa
563 1309 803 1365 instructa,
834 1311 1091 1358 convivium
1129 1319 1353 1373 paratum,
1383 1319 1540 1359 taurus

91 1388 277 1450 pinguis
311 1387 496 1434 occisus
531 1394 623 1441 est;
663 1388 777 1434 calix
817 1389 978 1436 salutis
1016 1389 1202 1444 mixtus,
1232 1390 1378 1451 epulae
1411 1390 1540 1436 ador-

90 1471 223 1521 natae,
251 1470 296 1512 et
331 1478 529 1526 sponsus
567 1478 670 1511 mox
705 1464 981 1512 discumbet.
1022 1466 1234 1527 Apostoli
1273 1467 1536 1521 invitarunt,

90 1542 274 1604 plurimi
299 1542 446 1589 vocati
472 1542 615 1589 fuere.
651 1561 673 1583 »

156 1621 346 1668 Mortem
371 1620 547 1681 peccati
583 1620 824 1682 originalis
851 1634 1029 1681 poenam
1056 1635 1159 1669 esse
1186 1622 1350 1669 iterum
1388 1621 1533 1669 incul-

90 1706 162 1747 cat
184 1699 375 1761 Sapiens
415 1699 553 1745 Persa
595 1699 726 1745 initio
762 1700 966 1746 Homilz'ae
1003 1701 1128 1746 XXII
1149 1698 1198 1764 (2)
1228 1717 1237 1747 ε
1270 1719 1292 1741 «
1318 1699 1537 1746 Homines

90 1777 220 1833 recti,
265 1776 398 1838 justi,
449 1776 554 1822 boni
601 1782 646 1822 et
693 1776 945 1836 sapientes,
996 1777 1160 1838 inquit,
1208 1783 1399 1824 mortem
1447 1791 1536 1824 non

89 1855 250 1901 timent
269 1867 353 1900 nec
374 1852 688 1907 reformidant,
713 1859 903 1914 propter
923 1868 1051 1914 spem
1067 1854 1238 1900 firmam
1259 1868 1360 1915 quae
1379 1868 1536 1901 eorum

90 1930 318 1978 mentibus
353 1929 639 1976 obversatur.
671 1929 862 1990 Semper
901 1930 1020 1976 enim
1054 1930 1353 1977 recordantur
1388 1930 1536 1978 exitus

90 2021 224 2069 quem
259 2020 382 2053 mors
420 2005 602 2052 tandem
640 2006 823 2053 habebit
860 2013 904 2053 et
938 2008 1108 2055 ultimae
1133 2008 1242 2064 diei,
1271 2022 1358 2069 qua
1388 2022 1536 2070 genus

91 2084 639 2145 liumanumjudicabitur.
666 2085 824 2131 Sciunt
852 2093 1039 2133 mortem
1061 2101 1114 2133 ex
1135 2086 1286 2134 divina
1311 2087 1538 2134 sententia

91 2179 284 2228 regnare
319 2171 509 2225 propter
541 2163 700 2210 Adami
739 2165 1148 2226 trangressionem,
1176 2165 1357 2212 dicente
1389 2165 1534 2226 Apos-

91 2244 184 2290 tolo
226 2241 273 2306 (3)
312 2259 322 2290 ε
365 2243 580 2300 Regnavit
617 2256 735 2288 mors
772 2243 825 2288 ab
862 2243 1032 2290 Adamo
1068 2258 1209 2303 usque
1242 2244 1303 2290 ad
1336 2244 1532 2303 Moysen,

89 2323 226 2369 etiam
246 2323 294 2367 in
312 2334 382 2367 eos
407 2322 485 2380 qui
504 2333 592 2366 non
611 2329 926 2380 peccaverunt,
944 2322 1052 2369 adeo
1071 2329 1139 2377 ut,
1161 2321 1535 2382 quemadmodum

92 2398 264 2445 Adamo
280 2398 556 2458 supervenit,
579 2398 646 2444 ita
664 2399 712 2443 in
731 2400 963 2444 universos
981 2399 1180 2445 homines
1194 2400 1530 2458 pertransierit.

135 2552 184 2593 (t)
209 2552 290 2585 Haec
316 2550 525 2593 metaphora
554 2558 597 2584 ex
622 2551 804 2595 Scriptura
833 2551 1023 2595 desumpta
1052 2555 1087 2586 et
1115 2550 1160 2585 de
1190 2549 1399 2585 omnimoda
1432 2554 1536 2583 terrae

92 2606 281 2640 sterilitate
298 2604 530 2649 intelligenda
548 2609 614 2639 est.
635 2605 704 2639 Cfr.
726 2607 918 2640 Deuteron.
940 2606 1052 2647 xxix,
1070 2606 1124 2639 23.

136 2673 184 2713 (ἱ)
209 2673 374 2716 Wrigltt.,
394 2682 428 2715 p.
453 2672 562 2711 ssl.
593 2688 601 2696 ·

139 2743 186 2781 (³)
212 2742 310 2775 nom.
334 2742 369 2781 v,
391 2742 444 2773 u.

1381 2779 1428 2821 19
