1737 2950
768 159 958 202 —220
1015 183 1065 190 —-

265 281 321 328 At
345 283 450 330 dum
477 283 533 330 de
560 283 647 330 tide
673 283 930 344 Sapientem
958 283 1139 329 Persam
1178 283 1349 342 scripto
1387 282 1635 344 interrogat

200 361 388 412 amicus,
420 361 593 406 nuntiat
619 374 721 407 sese
746 375 770 406 a
794 367 1018 420 praesente
1041 360 1181 406 multo
1205 360 1334 419 plura
1359 359 1416 406 de
1440 359 1633 406 diversis

199 437 478 497 argumentis
520 437 854 484 sciscitaturum
897 435 944 498 (i)
986 453 994 482 :
1035 455 1058 478 ε(
1083 436 1280 482 Plurima
1315 435 1516 497 quidem,
1554 435 1630 490 ait,

201 516 336 561 menti
383 516 551 567 insunt,
591 515 647 562 de
690 515 854 575 quibus
896 521 939 560 te
980 514 1306 576 interrogatum
1347 514 1505 568 velim;
1552 514 1631 561 sed

201 593 409 639 universa
433 601 680 653 praeparata
705 598 811 639 sunt
835 592 951 652 apud
989 605 1059 638 me
1096 597 1140 638 et
1174 591 1390 652 reposita,
1419 597 1484 646 ut,
1512 597 1636 653 post-

199 684 331 729 quam
356 676 399 716 te
425 683 698 723 convenero,
729 684 779 715 ea
815 682 884 715 me
918 669 1127 715 edoceas.
1158 687 1180 709 »
1219 669 1312 715 Nec
1347 668 1532 715 dubium
1566 675 1637 715 est

199 746 326 805 quin,
357 746 473 793 inter
504 748 865 799 Dissertationes‘,
897 745 1124 791 nonnullae
1162 750 1351 805 propter
1386 745 1496 792 istas
1533 758 1634 806 per·
1707 735 1720 739 ι’

198 823 483 869 contationes
507 823 605 868 viva
640 836 750 868 voce
786 822 1047 882 propositas
1079 827 1268 868 exaratae
1295 821 1477 868 fuerint.
1509 821 1635 868 Haud

198 900 356 958 procul
405 914 427 945 a
474 900 560 945 fine
601 901 803 946 Homilioe
848 899 900 944 de
943 899 1227 957 pastoribus,
1273 912 1397 958 quae,
1442 904 1490 944 ut
1529 898 1634 944 alibi

199 974 420 1029 diximus,
467 976 689 1023 decimum
731 975 891 1022 ordine
933 974 1215 1035 alphabetico
1258 975 1406 1021 locum
1447 974 1635 1032 obtinet,
1712 1035 1714 1038 Ι

199 1051 295 1098 haec
322 1053 533 1113 leguntur
550 1050 597 1115 (2)
622 1070 629 1098 :
657 1071 679 1094 α
707 1053 868 1099 Decem
898 1054 1136 1098 Tractatus
1162 1050 1243 1097 tibi
1269 1050 1452 1112 scripsi,
1476 1051 1635 1105 amice5
1660 1111 1663 1113 Α

200 1126 255 1173 de
298 1129 352 1175 iis
395 1144 496 1190 quae
540 1143 608 1175 me
651 1129 846 1190 rogasti;
885 1129 1006 1175 varia
1041 1127 1192 1180 etiam,
1233 1141 1334 1188 quae
1376 1142 1399 1174 a
1438 1142 1509 1175 me
1549 1141 1635 1175 non

200 1206 414 1264 petieras,
466 1206 546 1252 tibi
593 1206 776 1251 tradidi.
812 1224 834 1246 n
876 1206 986 1251 Item
1029 1217 1118 1265 quo
1159 1204 1448 1251 incitamento
1496 1219 1639 1266 quave

202 1283 452 1329 intentione
478 1283 531 1329 ad
557 1284 796 1329 Homiliam
831 1283 885 1329 de
920 1284 1047 1328 acino
1083 1280 1458 1328 conscribendam
1490 1288 1638 1329 motus

201 1361 336 1407 suerit
379 1361 437 1407 ita
480 1361 648 1406 indicat
689 1366 846 1407 auctor
871 1360 956 1422 (3):
1001 1378 1022 1400 α
1054 1358 1233 1417 Scripto
1275 1372 1494 1420 exponam
1535 1359 1634 1413 tibi,

201 1437 452 1490 carissime,
481 1437 626 1497 capita
663 1451 762 1497 quae
800 1435 1008 1497 rogitasti
1048 1447 1186 1494 super
1224 1435 1540 1482 benedictione
1566 1436 1639 1482 illa
1708 1480 1710 1484 .

202 1530 301 1575 quac
345 1516 386 1560 in
430 1516 559 1561 botro
605 1515 839 1561 recondita
881 1521 993 1568 crat,
1041 1513 1421 1574 quamdoquidem
1455 1520 1641 1576 propter
1712 1564 1713 1567 ,

201 1593 377 1639 acinum
407 1593 693 1639 benedictum
733 1593 891 1638 botrus
928 1589 1284 1638 destructionem
1321 1591 1478 1638 evasit.
1511 1593 1639 1638 Tem-

202 1684 312 1730 pore
355 1670 531 1716 scilicet
575 1670 701 1715 Isaiae
744 1675 959 1715 statutum
1003 1672 1097 1714 erat
1137 1666 1320 1715 domino
1361 1669 1478 1715 botri
1523 1669 1640 1715 hunc
1706 1714 1708 1718 .

202 1747 451 1808 dissipare;
493 1747 572 1793 sed
599 1747 653 1792 ab
685 1747 761 1792 iilo
785 1748 1070 1807 postularunt
1096 1763 1152 1795 ne
1176 1745 1371 1801 botrum,
1401 1746 1473 1792 cui
1500 1745 1642 1792 inerat

205 1824 479 1880 benedictio,
510 1823 766 1869 destrueret
791 1822 855 1885 (4).
887 1824 1107 1880 Quoniam
1141 1829 1286 1871 autem
1313 1823 1500 1884 insuper
1523 1838 1547 1869 a
1573 1837 1642 1870 me

205 1906 498 1961 percontatus
537 1915 586 1946 es
630 1906 777 1946 utrum
814 1900 924 1959 justi
969 1906 1013 1946 et
1053 1901 1185 1962 probi
1223 1901 1265 1945 in
1303 1905 1422 1947 terra
1463 1913 1643 1960 semper

204 1979 478 2030 exstiterint,
509 1977 756 2024 enucleabo
783 1978 863 2023 tibi
892 1978 1255 2025 benedictionem
1289 1978 1408 2023 illam
1434 1991 1536 2038 quae
1560 1991 1643 2038 per

202 2070 359 2102 omnes
386 2055 705 2116 generationes
732 2069 876 2114 usque
895 2055 947 2100 ad
970 2060 1148 2116 tempus
1174 2069 1303 2101 suum
1324 2051 1372 2116 (5)
1394 2058 1639 2114 propagata

202 2236 303 2301 iffi-³·
346 2228 542 2298 <alieri
592 2267 600 2276 .
650 2234 878 2278 assu-,2⁴0
924 2235 961 2278 et
992 2269 997 2275 .
1036 2270 1043 2277 .
1078 2268 1087 2276 .
1119 2269 1127 2276 .
1176 2239 1305 2286 inuio
1358 2267 1366 2276 .
1417 2226 1640 2292 μαμιω]
1692 2271 1693 2274 ,

1285 2355 1292 2363 .
1321 2321 1429 2365 αι’-δ
1451 2333 1641 2385 <samo

248 2395 294 2432 (i)
322 2391 483 2434 wrigni.‚
504 2389 648 2423 ibidem.

250 2460 294 2497 12)
320 2457 485 2500 Wright.,
503 2464 583 2500 pag.
611 2451 624 2483 ὅ
654 2475 661 2482 -

249 2537 294 2575 (3)
321 2535 484 2579 Wright„
504 2545 536 2578 p.
565 2532 661 2564 0:³02:
690 2552 698 2559 -

248 2593 295 2629 (4)
320 2590 389 2625 cfr.
411 2590 534 2631 isaias,
557 2590 650 2628 LXV,
669 2590 700 2622 8.

246 2647 292 2685 (5)
316 2647 470 2688 Tempus
488 2644 658 2686 intellige.
677 2651 748 2686 quo
768 2643 912 2677 Messias
938 2652 978 2677 ex
1009 2644 1130 2679 divino
1160 2644 1304 2679 decreto
1333 2645 1541 2688 proditurus
1565 2647 1642 2680 erat

211 2705 243 2733 ct
260 2709 372 2743 genus
392 2701 588 2733 humanum
610 2699 869 2741 redempturus.
1624 2702 1628 2706 ·
