1737 2950
878 175 949 214 1:36

197 296 456 355 proditurus
483 302 577 341 erat
602 302 645 342 et
672 297 794 342 salus
822 297 1035 342 universo
1061 297 1215 355 generi
1245 299 1437 344 humano
1461 299 1624 345 obven-

192 380 304 425 tura,
334 387 414 432 per
439 387 596 419 omnes
622 379 776 419 aetates
799 373 852 418 ab
872 372 1043 418 Adamo
1070 373 1123 418 ad
1152 373 1378 419 Christum
1405 380 1628 422 servatum

195 456 233 495 et
263 456 556 510 propagatum
595 463 697 495 esse
735 449 953 495 latissime
986 450 1179 509 explieat
1204 448 1272 511 (1).
1304 451 1475 511 haeque
1500 465 1628 498 ocea-

196 527 323 571 sione
357 526 697 586 chronologiam
733 527 933 586 priorum
973 526 1312 586 generationum
1351 532 1484 587 atque
1519 542 1630 588 prae·

192 603 422 663 eipuarum
450 605 607 649 saltem
635 604 803 663 antiqui
845 604 1044 650 foederis.
1067 605 1338 663 epocharum
1380 605 1490 651 mira
1526 605 1628 651 dili-

197 681 347 739 gentia
390 681 561 726 attexit.
607 682 700 726 Nee
741 681 891 726 obstat
933 681 1053 740 quod
1084 681 1194 740 jam,
1242 681 1283 725 in
1328 683 1626 743 antegressis,

196 756 454 802 Gennadius
478 757 819 802 interHomilias
840 757 1024 802 «Jacobi
1047 763 1350 817 cognomento
1372 758 1629 817 Sapientis»

197 835 325 879 etiam
367 835 477 879 hane
516 834 732 886 ultimam,
782 834 924 880 indito
963 834 1093 879 titulo
1132 836 1192 879 De
1225 835 1353 880 acino
1386 835 1627 888 benedicto,

196 916 498 955 recensuerat.
534 909 575 955 Si
606 909 721 955 enim
753 910 930 955 modunl
959 909 1320 955 consideraveris
1346 923 1435 970 quo
1460 910 1515 956 de
1541 909 1632 956 illis

195 986 411 1045 loquitur,
458 985 862 1036 verisimillimum,
913 999 966 1030 ne
1004 984 1148 1031 dicam
1187 991 1384 1037 eertum,
1430 985 1510 1030 tibi
1548 985 1634 1031 erit

195 1061 374 1107 easdem
403 1062 488 1121 ipsi
516 1061 734 1107 scribenti
774 1066 941 1120 praesto
980 1075 1064 1106 nou
1105 1061 1262 1113 fuisse,
1293 1067 1341 1107 ut
1377 1076 1452 1108 eas
1487 1061 1633 1108 oeulis

199 1153 416 1199 usurpare
465 1139 532 1184 vel
582 1140 773 1184 lustrare
823 1145 1003 1198 posset,
1055 1144 1099 1184 et
1146 1138 1338 1198 proinde
1385 1153 1473 1185 non
1521 1139 1631 1185 tanti

197 1215 504 1260 aestimandam
534 1215 653 1260 illius
693 1215 774 1260 hae
813 1215 855 1259 in
883 1228 930 1260 re
956 1215 1283 1260 auctoritatem.
1315 1215 1363 1259 In
1390 1228 1440 1260 ea
1465 1215 1633 1274 quippe

201 1304 331 1350 quam
371 1291 586 1350 proponit
625 1290 972 1350 inscriptionum
1010 1290 1128 1336 serie
1163 1303 1322 1350 magna
1357 1290 1565 1336 confusio
1591 1296 1634 1336 et

198 1367 453 1413 obscuritas
484 1384 493 1414 :
525 1368 603 1421 ibi,
633 1367 970 1427 eomparatione
1007 1381 1107 1413 eum
1145 1367 1478 1427 exemplaribus
1504 1366 1632 1413 insti-

199 1450 308 1497 tuta,
360 1444 761 1504 deprehenduntur
808 1443 1106 1496 omissiones,
1160 1443 1471 1503 repetitiones,
1521 1443 1634 1489 tales

196 1520 328 1565 etiam
354 1520 681 1580 appellationes
706 1533 805 1579 quae
833 1519 875 1563 in
903 1519 1068 1564 nullam
1101 1521 1472 1565 Dissertationum
1505 1519 1635 1565 facile

200 1596 446 1655 quadrent;
479 1596 669 1656 ipseque
695 1595 972 1649 Gennadius,
1002 1595 1107 1640 dum
1131 1595 1295 1641 asserit
1319 1595 1461 1641 libros
1487 1608 1566 1641 sex
1591 1600 1636 1640 et

204 1673 360 1731 viginti
411 1687 432 1717 a
478 1673 647 1718 Jaeebo
695 1672 914 1718 Nisibeno
962 1672 1243 1732 compositos
1291 1685 1426 1725 esse,
1478 1685 1634 1717 eorum

201 1753 346 1792 tamen
398 1749 448 1792 ad
500 1762 721 1793 summum
771 1747 952 1793 nonnisi
1001 1748 1159 1808 viginti
1210 1753 1303 1793 tres
1356 1747 1424 1792 vel
1474 1747 1632 1807 viginti

202 1831 392 1883 quatuor
433 1825 631 1869 nominat
656 1825 720 1883 (a).
754 1825 900 1879 Quare
936 1838 1023 1869 non
1062 1824 1420 1883 improbabiliter
1449 1823 1631 1878 dixeris,

204 1902 241 1947 ei
271 1902 577 1946 tautummodo
604 1915 655 1946 ex
682 1900 870 1946 aliorum
911 1901 1204 1946 relationibus
1229 1900 1468 1960 Aphraatis
1499 1914 1635 1960 opera

204 1984 440 2036 perspecta
468 1978 624 2022 fuisse.
657 1978 716 2022 Ea
743 1977 891 2023 forsan
933 1984 1115 2023 noverat
1140 1992 1190 2022 ex
1219 1976 1477 2023 testimonio
1501 1977 1634 2022 Joan-

203 2053 273 2097 nis
302 2053 521 2105 Cassiani,
554 2051 754 2113 magistri
783 2053 871 2106 sui,
901 2053 976 2113 qui
1004 2053 1145 2113 Syriae
1170 2059 1215 2098 et
1239 2053 1418 2113 AEgypti
1445 2053 1636 2113 plurima

208 2129 475 2174 monasteria
504 2129 718 2174 inviserat
743 2135 786 2174 et
811 2143 927 2175 anno
952 2128 1047 2174 415
1082 2129 1293 2175 Massiliae
1318 2130 1407 2175 duo
1432 2129 1636 2175 eoenobia

207 2204 425 2256 instituit3
479 2205 597 2250 unde
644 2205 763 2250 sieut
805 2205 859 2250 de
905 2205 1001 2264 ipsa
1043 2205 1283 2264 scriptoris
1327 2219 1536 2265 persona,
1576 2205 1635 2250 ita

206 2280 335 2325 etiam
373 2280 427 2324 de
472 2280 751 2326 diversorum
799 2286 1062 2325 tractatuum
1107 2286 1256 2326 mutua
1297 2281 1555 2327 habitudine
1591 2287 1636 2327 et

207 2356 391 2400 aliorum
431 2356 484 2400 ab
522 2356 622 2401 aliis
659 2356 953 2401 distinetione
988 2356 1042 2400 ab
1079 2362 1261 2402 auctore
1297 2371 1396 2414 suo,
1432 2355 1633 2403 veritatis

208 2432 354 2477 minus
381 2432 580 2485 curioso,
612 2432 654 2475 in
683 2444 878 2476 errorem
909 2431 1118 2477 inductus
1145 2432 1292 2477 fuerit.

246 2626 293 2665 (1)
321 2625 366 2657 Ed
402 2625 564 2666 Wright„
585 2634 642 2666 pp.
670 2625 778 2678 Kssb
800 2647 826 2653 -
845 2626 962 2656 »ἕλκοι
990 2645 996 2651 .

248 2681 294 2716 (⁰2)
319 2679 375 2711 Cir
407 2684 470 2712 art.
494 2682 520 2713 ll
541 2680 688 2722 hujtisoe
707 2679 829 2722 partis.
