1737 2950
731 185 1004 227 „29-

142 311 347 372 regnavit
381 325 481 357 cum
523 310 660 356 fratre
695 325 779 357 suo
805 310 1117 356 Valentiniano
1153 325 1295 357 annos
1324 309 1383 355 ⁴13
1409 310 1475 366 (l),
1503 311 1586 356 hoc

140 394 287 436 autem
317 394 512 442 mortuo,
543 402 625 448 per
650 387 910 434 triennium.
946 407 968 429 »

208 465 428 522 Quoniam
456 464 595 525 igitur
619 471 796 524 tempus
822 478 1041 510 annorum
1068 463 1127 510 50
1167 465 1427 511 intercessit
1454 480 1476 510 3
1503 479 1586 524 pu-

142 543 256 589 blica
282 542 598 603 propositione
636 542 857 588 doctrinae
882 542 1081 588 auctoris
1110 542 1232 588 illius
1260 543 1410 588 Persa]
1443 556 1587 602 usque

138 621 193 667 ad
219 620 573 681 divulgationem
600 619 821 666 doctrinae
842 619 958 665 beati
982 621 1075 664 Mar
1096 620 1339 679 Ephraemi,
1358 620 1587 680 quomodo

139 703 298 757 posset
316 697 481 757 aliquis
497 710 722 750 asserere,
743 696 1014 756 scriptorem
1035 697 1216 743 Persam
1240 698 1333 741 Mar
1360 697 1587 755 Epliraemi

139 773 414 834 discipulum
463 773 642 819 fuisse?
690 774 848 834 Neque
891 772 1010 818 enim
1061 774 1195 818 ullam
1244 773 1336 819 veri
1386 773 1585 832 speciem

138 850 361 911 ejusmodi
388 857 611 896 assertum
638 850 787 903 habet,
819 850 938 895 sicut
965 856 1009 896 et
1037 864 1221 896 examen
1248 865 1271 895 a
1296 851 1429 896 nohis
1450 865 1588 910 supra

138 927 394 974 institutum
420 926 639 973 ostendit.
659 926 872 982 Quamvis
892 940 1000 972 vero
1022 927 1170 987 quoad
1192 933 1364 986 partem
1391 927 1585 986 aliquam

138 1006 290 1052 forsan
334 1004 630 1050 convenerint
674 1010 877 1063 tempora
930 1004 1096 1064 quibus
1145 1005 1355 1050 vixerunt
1402 1010 1587 1050 sanctus

140 1083 234 1128 Mar
259 1082 527 1142 Ephraemus
553 1086 596 1126 et
623 1087 780 1126 auctor
817 1080 891 1126 ille
928 1081 1083 1135 Persa,
1114 1082 1184 1127 vel
1216 1082 1349 1127 etiam
1385 1087 1588 1141 tempora

140 1159 305 1220 quibus
336 1158 468 1204 ambo
503 1164 547 1204 et
583 1158 792 1203 vixerunt
831 1164 874 1204 et
907 1158 1176 1211 docuerunt,
1212 1164 1334 1204 certe
1366 1172 1467 1204 cum
1497 1159 1589 1203 Mar

141 1236 408 1296 Ephraemus
434 1234 737 1287 adolesceret,
769 1234 968 1294 scriptor
996 1236 1134 1281 Persa
1153 1235 1245 1294 jam
1271 1245 1499 1281 senuerat.

207 1314 263 1358 Et
281 1312 378 1358 haec
404 1312 586 1372 quidem
616 1325 755 1371 pauca
783 1311 838 1357 de
859 1325 912 1357 eo
934 1312 1010 1372 qui
1032 1318 1217 1358 vocatur
1238 1313 1428 1372 Sapiens
1451 1314 1589 1359 Persa

140 1390 261 1436 dicta
287 1390 378 1435 sint
410 1405 417 1434 :
451 1389 548 1448 eJus
576 1388 754 1434 scilicet
779 1403 801 1434 3
828 1388 960 1434 nobis
991 1389 1192 1449 ignorari
1228 1403 1407 1446 nomen,
1436 1390 1587 1451 digni-

139 1475 275 1514 tatem
302 1474 345 1514 et
372 1466 592 1513 domicilii
619 1467 792 1519 locum;
822 1467 1094 1512 coenobitam
1132 1474 1279 1514 tamen
1313 1482 1413 1514 eum
1447 1468 1588 1514 fuisse

139 1551 184 1591 et
231 1546 275 1590 in
323 1545 447 1591 clero
496 1543 813 1597 constitutum,
867 1544 1124 1590 nullatenus
1171 1559 1279 1591 vero
1329 1544 1446 1591 beati
1495 1546 1589 1590 Mar

140 1621 367 1682 Ephraemi
394 1620 687 1680 discipulum.

208 1699 351 1757 Caput
380 1697 647 1743 secundum.
679 1724 741 1729 —-
768 1697 833 1742 De
881 1696 1088 1742 doctrina
1136 1697 1364 1757 Sapientis
1414 1699 1583 1751 Persae,

142 1776 238 1822 sore
276 1782 341 1828 ut,
379 1774 618 1834 completis
654 1787 732 1819 sex
770 1787 989 1820 annorum
1022 1774 1240 1829 millibus,
1284 1775 1478 1821 mundus
1515 1775 1588 1820 hic

140 1850 273 1897 finem
303 1851 510 1911 accipiat.

208 1929 339 1985 Quod
357 1935 504 1975 autem
525 1928 685 1974 attinet
704 1929 757 1974 ad
776 1929 1028 1975 doctrinam
1051 1930 1250 1975 auctoris
1270 1930 1392 1976 illius
1413 1931 1583 1985 Persae,

141 2022 273 2068 quam
317 2007 688 2054 commemoravit
729 2007 1005 2054 Fraternitas
1043 2014 1132 2062 tua,
1176 2008 1373 2054 futurum
1412 2009 1589 2056 scilicet

141 2091 205 2137 ut,
251 2084 420 2144 elapsis
468 2097 548 2130 sex
590 2098 809 2130 annorum
854 2085 1072 2139 millibus,
1103 2087 1298 2132 mundus
1342 2086 1415 2132 liic
1453 2086 1587 2132 finem

139 2161 346 2222 accipiat,
376 2161 494 2207 scias
522 2162 640 2214 volo,
668 2161 799 2207 etiam
829 2162 980 2208 multis
1007 2163 1108 2208 aliis
1131 2163 1310 2210 Messiae
1332 2164 1585 2210 cultoribus

141 2252 193 2284 ex
226 2238 281 2285 iis
319 2238 395 2299 qui
433 2245 539 2298 post
573 2238 705 2297 liujus
743 2239 983 2285 adventum
1017 2239 1242 2293 vixerunt,
1283 2241 1400 2286 illam
1446 2240 1587 2288 fuisse

140 2315 420 2375 opinionem,
452 2323 678 2362 uteorum
716 2316 885 2376 scripta
922 2317 1183 2364 ostendunt.
1217 2319 1416 2374 Quorum
1445 2319 1585 2377 pluri·

142 2391 226 2438 mis
252 2393 455 2446 omissis,
487 2407 629 2452 pauca
655 2393 958 2452 producamus
985 2394 1037 2440 ad
1073 2408 1226 2440 eorum
1259 2410 1360 2455 quae
1392 2395 1586 2442 dicimus

140 2468 544 2515 confirmationem.

143 2649 255 2682 ponas
273 2640 464 2683 Georgium
482 2640 565 2681 sibi,
597 2642 720 2683 paucis
748 2642 946 2684 interjectis
976 2643 1152 2682 versibus,
1178 2643 1497 2681 contradicentem,
1525 2642 1585 2685 qui

143 2705 249 2738 supra
269 2696 423 2730 asseruit
443 2695 621 2730 Valentem
642 2705 756 2731 annos
777 2698 829 2737 Η,
848 2705 918 2730 non
938 2703 1056 2730 autem
1081 2700 1129 2736 16,
1150 2705 1330 2739 regnassev
