1737 2950
649 116 949 156 -177-

75 239 254 286 nonnisi
299 253 352 286 ex
397 239 675 300 scriptorum
727 240 1031 301 antiquiorum
1085 239 1303 286 relatione
1353 244 1427 286 aut
1469 253 1522 285 ex

75 316 372 364 translatione
409 316 680 363 Armeniaca
703 323 1055 378 cognoscerent.

145 395 266 440 Inter
295 394 398 440 illos
425 398 569 440 testes
602 408 690 440 non
726 394 1071 441 contemnendae
1102 393 1404 447 auctoritatis,
1446 392 1524 454 qui

76 470 128 516 ad
166 471 312 518 varias
350 471 712 518 Christianorum
754 471 897 533 Syriae
945 477 1096 518 sectas
1140 472 1388 532 pertinent,
1442 470 1524 515 im-

76 548 236 608 primis
273 549 575 595 nominandus
619 555 689 595 est
726 549 969 610 Georgius,
1013 549 1270 609 Episcopus
1306 547 1520 593 Arabum.

78 624 163 680 Qui
199 639 287 671 non
324 625 753 686 quomodocumque
786 631 955 672 tantum
988 625 1171 679 asserit,
1201 625 1422 684 Epistolas
1447 637 1527 670 seu

78 702 293 748 Homilias
329 707 423 748 tres
461 709 504 748 et
546 702 708 763 viginti
746 717 769 748 a
807 703 1021 764 Sapiente
1061 703 1198 748 Persa
1241 700 1528 761 conscriptas

78 793 200 834 esse,
228 793 384 826 verum
422 779 478 826 de
517 779 590 831 iis,
632 779 687 825 de
737 779 938 840 ipsarum
984 785 1195 833 auctore,
1237 778 1294 825 de
1331 778 1530 824 diversis

79 856 362 917 temporibus
388 856 554 916 quibus
581 861 772 902 exaratae
799 857 983 910 fuerint,
1008 856 1189 902 demum
1215 856 1272 902 de
1298 854 1531 902 nonnullis

80 934 299 980 doctrinae
347 934 574 994 capitibus
619 934 728 980 inibi
772 935 1120 981 occurrentibus
1164 934 1263 980 fuse
1307 933 1534 994 docteque

82 1012 299 1072 disputat.
332 1012 493 1058 Plures
519 1012 652 1058 etiam
681 1026 733 1058 ex
760 1012 852 1058 illis
884 1012 1293 1066 lucubrationibus,
1321 1011 1536 1057 videlicet

85 1090 428 1135 missertationes
462 1091 516 1135 de
554 1091 801 1143 monachis,
842 1091 896 1135 de
931 1092 1210 1136 contentione
1245 1098 1287 1135 et
1331 1090 1535 1135 dissidiis

82 1167 202 1212 =alias
226 1167 614 1226 deprecatoriam),
642 1168 696 1214 de
719 1175 859 1214 morte
884 1176 927 1214 et
953 1170 1224 1227 temporibus
1259 1169 1531 1220 novissimis,

82 1244 135 1289 de
177 1246 321 1298 acino,
366 1245 420 1290 de
461 1246 701 1298 charitate,
732 1245 997 1291 nominatim
1034 1235 1248 1305 appellat,
1291 1256 1536 1303 earumque

84 1326 295 1381 excerpta
320 1335 411 1367 non
438 1335 578 1381 pauca
606 1321 873 1368 fidelissime
902 1322 1174 1382 transcripta
1200 1321 1398 1367 exhibet.

148 1397 366 1444 Eumdem
421 1411 559 1457 porro
610 1399 911 1444 Homz‘lz'aram
959 1405 1191 1459 parentem
1243 1398 1366 1444 novit
1412 1396 1534 1441 Elias

88 1475 359 1529 Barsinaeus‚
402 1474 479 1534 qui
520 1474 564 1519 in
606 1489 687 1520 sua
714 1476 1083 1535 Gltronoyraphia
1110 1481 1319 1522 recenset
1345 1493 1367 1516 c<
1393 1487 1537 1519 annos

82 1551 244 1598 domus
296 1550 473 1604 Adami,
509 1550 636 1609 juxta
675 1552 946 1597 sententiam
990 1552 1250 1612 Aphraatis,
1304 1550 1534 1611 Sapientis

86 1629 254 1675 Persae.
285 1646 307 1669 ›>

149 1705 389 1752 Consentit
414 1704 665 1766 Gregorius
709 1705 1099 1767 Barhebraeus(1)‚
1137 1705 1242 1752 dum
1280 1711 1325 1751 et
1360 1719 1535 1752 sermo·

86 1796 184 1828 nem
211 1782 318 1828 facit
342 1782 398 1828 de
420 1801 442 1824 «
464 1782 676 1842 Sapiente
704 1783 859 1837 Persa,
878 1783 953 1843 qui
985 1789 1054 1829 est
1074 1788 1232 1828 auctor
1254 1782 1536 1829 orthodoxus

83 1859 186 1906 libri
207 1861 605 1913 Dissertationum,
631 1878 652 1900 »
675 1865 719 1905 et
738 1860 1002 1906 distinctius
1029 1860 1174 1905 adhuc
1191 1859 1296 1905 alibi
1323 1859 1531 1913 affirmat,

83 1938 234 1998 Papae,
279 1937 498 1997 Episcopi
543 1937 781 1990 Seleuciae,
834 1944 1039 1998 tempore
1090 1937 1404 1983 «innotuisse
1454 1937 1532 1982 Sa-

83 2015 282 2075 pientem
306 2015 507 2066 Persam,
533 2014 715 2060 nomine
737 2014 1033 2070 Pharliadem,
1054 2015 1130 2074 qui
1149 2015 1324 2075 syriace
1345 2013 1534 2073 scripsit

84 2092 268 2137 Libram
288 2092 615 2150 paraenetieum
642 2097 685 2136 et
709 2092 930 2149 Epistolas
957 2091 1117 2151 viginti
1144 2091 1274 2144 duas,
1305 2089 1531 2150 alphabeti

85 2169 244 2214 ordine
270 2168 492 2230 digestas.
521 2187 542 2209 n

152 2246 246 2291 Nec
269 2246 417 2292 minus
443 2251 598 2306 aperte
625 2245 881 2291 Ebed-Jesu
911 2245 1131 2291 Sobensis
1156 2261 1163 2290 :
1191 2263 1212 2285 «
1234 2243 1533 2290 Beatissimus

85 2322 352 2383 Aphraates⁷
395 2323 588 2383 Sapiens
623 2323 698 2368 ille
739 2324 892 2374 Persa,
941 2322 1056 2368 duos
1090 2321 1348 2381 composuit
1383 2327 1533 2366 tomos

87 2413 188 2446 cum
216 2399 512 2446 Sermonibus
539 2399 698 2446 ordine
724 2398 1009 2459 alphabetico
1036 2398 1294 2458 dispositis.
1325 2416 1346 2438 »

154 2477 218 2522 De
244 2476 300 2521 iis
325 2482 472 2522 autem
499 2490 600 2536 quae
621 2476 663 2520 in
692 2475 869 2521 duobus
897 2474 1231 2535 posterioribus
1257 2474 1534 2519 testimoniis

131 2651 178 2690 (l)
204 2649 336 2684 Chron.
357 2651 477 2683 eccles.
501 2651 526 2690 1,
543 2649 612 2683 col.
631 2651 686 2690 85,
705 2650 766 2688 863
788 2651 829 2689 ΙΙ,
850 2651 893 2682 53
910 2653 944 2682 ct
961 2651 1016 2683 54.

1378 2702 1423 2741 14
