1737 2950
680 166 951 207 -55..

95 292 221 352 rugis
245 290 408 337 diebus
433 290 631 351 coepisse
659 291 864 337 homines
889 290 1130 336 simulacra
1163 291 1309 337 faeere
1346 299 1391 337 et
1423 292 1542 338 idola

94 367 316 415 venerari.
354 367 451 413 Hoc
487 367 527 413 si
564 380 718 413 verum
757 367 834 422 sit,
865 381 1154 428 consequens
1192 374 1276 422 est,
1305 369 1538 414 Noachum

95 444 284 506 ejusque
310 443 451 490 filium
475 443 656 490 Semum
692 449 873 504 tempus
899 443 1009 490 illud
1037 459 1125 491 non
1153 445 1386 505 attigisse;
1417 446 1538 506 quod

94 523 162 570 sie
185 522 430 569 conficitur
459 538 466 568 :
499 536 523 568 3
547 522 718 569 diluvio
755 523 808 568 ad
840 523 1058 584 Sarugem
1089 538 1235 584 usque
1266 524 1534 585 (sequendo.

93 604 142 646 ut
166 604 304 660 patet,
334 598 592 645 versionem
618 599 737 646 LXX
760 598 1094 664 lutet-metum),
1119 601 1156 646 si
1178 601 1539 661 comprehendas

93 681 136 722 et
178 673 274 721 130
318 674 530 722 Cainanis
575 690 735 730 annos,
784 683 890 723 sunt
931 678 1035 723 anni
1080 676 1201 731 794;
1243 678 1355 723 vixit
1391 686 1538 725 autern

92 753 305 800 Noaehus
342 759 448 813 post
492 753 711 799 diluvium
749 768 892 801 annos
931 753 1024 800 330
1074 754 1150 816 qui
1189 769 1406 801 numerus
1443 753 1538 800 444

92 831 223 877 annis
248 846 272 877 3
299 829 391 877 794
418 831 547 877 abest
571 830 650 892 (1);
681 832 842 878 Semus
881 846 989 880 vero
1020 832 1132 879 vixit
1169 838 1276 893 post
1319 833 1538 879 diluvium

92 924 235 957 annos
262 909 373 965 500,
405 910 481 970 qui
508 910 638 956 annis
664 908 759 956 494
787 911 958 958 distant
982 925 1006 957 3
1033 909 1125 957 794
1155 910 1287 957 annis
1313 924 1458 971 usque
1484 910 1538 955 ad

92 987 311 1049 Sarugem
338 987 525 1047 elapsis,

158 1066 213 1112 Et
237 1067 334 1112 haee
359 1066 541 1127 quidem
566 1066 730 1120 omnia,
756 1082 857 1128 quae
877 1068 1024 1114 tribus
1051 1068 1153 1114 istis
1179 1067 1407 1128 capitibus
1432 1081 1539 1113 eon-

89 1144 307 1196 tinentur,
349 1142 540 1189 dicenda
582 1149 709 1188 erant
751 1143 805 1189 de
850 1144 906 1190 iis
949 1159 1049 1205 quae
1086 1159 1109 1189 3
1152 1144 1284 1190 nobis
1329 1143 1539 1204 quaesivit

89 1220 363 1267 Fraternitas
391 1227 480 1275 tua,
513 1221 591 1266 Dei
618 1221 943 1276 amantissima,
968 1222 1089 1268 eirea
1116 1221 1375 1281 Sapientem
1404 1235 1534 1267 suum

91 1298 275 1343 Persam
318 1303 362 1343 et
404 1297 524 1343 eirea
560 1297 839 1344 assertiones
876 1298 1111 1358 quasdam,
1141 1313 1254 1359 quas
1281 1299 1325 1343 in
1352 1312 1437 1344 suo
1463 1297 1538 1343 ille

87 1375 278 1436 protulit
301 1375 435 1421 libro.

135 1530 181 1569 (1)
208 1529 376 1572 Exempla
393 1531 504 1564 habes
520 1529 722 1565 oscitantiae
739 1528 972 1565 librariorum
991 1530 1027 1563 in
1046 1529 1208 1564 numeris
1226 1530 1490 1571 describendis,
1510 1531 1540 1564 si

91 1585 186 1619 notis
205 1586 452 1620 numeralibus
471 1586 520 1620 uti
539 1586 662 1620 velint.
685 1585 838 1620 Evidens
857 1589 912 1620 est
928 1585 1025 1619 enim
1049 1584 1220 1620 vitiosum
1242 1595 1323 1621 esse
1347 1587 1431 1621 cod.
1453 1589 1536 1620 Msc.

90 1656 125 1685 et
142 1651 199 1685 hic
216 1651 291 1691 (ubi
312 1660 376 1694 pro
400 1641 516 1693 32,
533 1653 611 1694 53¹³,
628 1652 704 1696 lege
726 1641 844 1703 VZ’
871 1656 963 1696 550),
982 1659 1017 1689 et
1036 1654 1070 1688 in
1090 1654 1134 1688 iis
1148 1662 1228 1698 quae
1242 1653 1362 1687 statim
1381 1661 1533 1699 sequun-

91 1711 158 1740 tur.
180 1708 272 1741 Sane
289 1709 468 1742 Noachum
488 1708 571 1742 inde
595 1717 613 1741 a
640 1708 776 1743 diluvio
804 1718 870 1752 per
899 1717 1014 1744 annos
1041 1709 1303 1753 quinquaginta
1334 1716 1442 1750 supra
1471 1712 1538 1741 tre-

89 1767 213 1797 centos
231 1764 463 1806 superstitem
483 1764 593 1798 fuisse
614 1765 833 1799 unanimiter
853 1768 1029 1800 testantur
1053 1769 1170 1800 textus
1191 1764 1401 1804 Hebraicus,
1421 1765 1539 1798 versio

90 1818 446 1861 septuagintaviralis
464 1823 498 1854 et
516 1819 677 1862 vulgata.
