1737 2950
665 185 712 190 —
778 160 852 201 1123
916 185 959 190 —

88 288 353 349 religionem
400 301 604 334 moresve
647 287 976 348 spectantibus,
1014 301 1054 332 v.
1103 302 1172 348 g.‚
1214 288 1268 333 de
1304 289 1527 335 universis

89 366 257 412 Christi
291 367 467 411 Domini
500 367 644 423 festis,
673 366 727 411 de
760 365 848 423 fide
880 372 922 410 et
955 365 1167 418 Ecclesia,
1194 365 1248 411 de
1271 367 1530 424 virainitate

86 452 128 490 ct
150 443 341 506 jejunio,
371 445 425 491 de
455 446 633 503 Virqine
667 446 829 497 Maria,
865 444 918 490 de
949 445 1289 501 confessoribus,
1319 445 1372 491 de
1406 447 1529 492 beato

87 522 285 581 Joscpr,
326 522 379 568 de
414 522 596 566 Juliano
635 522 750 567 Saba
779 530 821 567 et
857 522 1111 567 Abrahamo
1144 522 1441 576 Khz'durtensz',
1477 524 1530 569 de

87 600 285 645 civitatis
297 600 518 645 Nisibenoe
529 598 641 660 satis
655 607 696 645 et
711 600 1062 652 calamitatibus,
1077 600 1294 646 adversas
1313 602 1524 656 haereses;

87 675 254 736 quibus
279 675 474 722 addendi
502 682 607 722 sunt
631 677 795 735 Hymni
816 678 1079 734 paroeneticz'
1105 682 1148 722 et
1171 678 1400 723 Sermones
1426 692 1529 738 per-

90 753 233 806 multi,
259 758 351 800 tum
373 754 576 806 metrica,
608 759 701 799 tum
728 753 928 814 pedestri
955 755 1158 801 oratione
1178 755 1434 801 concinnati
1461 756 1524 819 (l).

89 832 230 878 Porro
256 831 299 877 in
325 832 532 892 pluribus
559 846 746 892 operum
773 846 956 878 suorum
983 832 1098 878 locis
1123 847 1303 879 errores
1329 833 1529 895 dogmati

87 909 312 955 catholico
354 909 597 969 oppositos
637 910 927 956 vehementer
971 911 1232 968 insectatur,
1276 912 1529 972 solidisque

87 986 287 1033 confutat
312 987 580 1033 rationibus.
612 987 693 1032 Vix
720 987 809 1032 ulla
835 987 1056 1033 nominari
1084 994 1242 1048 posset
1267 995 1389 1035 secta
1428 990 1528 1049 ipso

89 1064 305 1118 anterior,
334 1079 467 1125 quam
494 1078 581 1110 non
611 1064 960 1125 impugnaverit,
992 1064 1063 1109 vix
1088 1065 1253 1126 aliquis
1291 1066 1527 1112 haeresiar-

90 1142 189 1193 cha,
226 1156 360 1203 quem
395 1157 483 1189 non
523 1144 744 1189 notaverit
782 1148 915 1203 atque
951 1143 1284 1204 suggillaverit,
1315 1144 1419 1191 stilo
1446 1159 1528 1191 suo

90 1219 204 1273 acri,
250 1234 412 1280 purum
457 1220 558 1266 fidei
604 1233 802 1266 amorem
830 1220 1031 1280 spirante
1057 1219 1104 1282 (a)
1136 1237 1143 1266 :
1175 1222 1527 1278 Valentinianos,

88 1296 422 1353 Bardesanitas‚
464 1296 695 1349 Cuchitas,
739 1297 1044 1351 Marcionitas,
1089 1299 1375 1353 Manichaeos,
1405 1301 1528 1347 Aria-

132 1472 179 1511 (ι)
203 1471 239 1505 8.
259 1470 446 1511 Ephraemi
462 1470 545 1512 Syri
561 1478 669 1511 opera
686 1477 731 1503 ex
748 1470 1042 1505 coddvaticanis
1063 1472 1213 1515 syriace,
1231 1481 1345 1517 graece
1370 1479 1403 1508 et
1422 1475 1530 1510 latine

86 1525 276 1560 ediderunt
294 1528 329 1560 Ρ.
358 1526 570 1559 Benedictus
587 1527 621 1558 S.
640 1527 670 1558 J.
697 1530 732 1559 et
758 1527 960 1569 Stephanus
979 1528 1134 1562 Evodius
1147 1531 1377 1570 Assemanus‚
1392 1531 1527 1575 Romae,

90 1583 290 1621 1752-1746,
308 1583 329 1615 6
344 1582 414 1616 vol.
434 1581 550 1615 in-sot.
567 1582 752 1623 Quomodo
771 1583 929 1616 materiae
946 1584 1156 1618 diversaeibi
1173 1589 1331 1620 tractatae
1346 1586 1380 1620 in
1394 1588 1529 1623 classes

89 1637 227 1680 aliquot
242 1641 324 1680 apte
346 1637 514 1670 distribui
542 1641 675 1679 queant
703 1636 784 1670 vide
811 1638 886 1671 Bit).
922 1638 983 1672 Or.
1016 1640 1040 1679 l,
1069 1649 1127 1682 pp.
1147 1642 1284 1674 55-164.
1313 1643 1463 1686 insuper
1487 1653 1529 1678 ex

88 1693 197 1727 Codd.
229 1693 483 1732 Nitriensibus,
511 1693 571 1736 qui
603 1692 638 1725 in
668 1694 828 1726 Museum
860 1693 1116 1728 Btritannicum
1143 1701 1226 1728 ante
1252 1705 1367 1731 annos
1392 1698 1463 1732 sere
1487 1702 1530 1735 55

89 1748 176 1782 illati
195 1748 306 1786 fuere,
325 1749 362 1783 S.
382 1749 571 1790 Epnraemz·
590 1749 672 1790 syri
692 1749 866 1783 Carmina
887 1750 1062 1784 Nisioeiza
1092 1751 1229 1793 primus
1258 1753 1383 1795 edidit,
1412 1756 1531 1799 vertit,

89 1805 278 1848 explicavit
295 1807 334 1839 G.
357 1805 498 1844 Bickell‚
530 1805 671 1847 Lipsiae,
692 1805 908 1846 ssrocknaus,
929 1807 1029 1846 1866;
1057 1806 1142 1840 item
1165 1807 1203 1841 S.
1224 1808 1410 1849 Epliraemt
1432 1812 1528 1854 Syri,

88 1862 250 1903 Raouloe,
282 1862 447 1903 Episcopi
478 1861 660 1901 Eacaceia,
694 1862 806 1894 Balaei
835 1862 1062 1903 aliorumque
1092 1871 1200 1903 opera
1233 1867 1359 1898 selecta
1391 1867 1530 1909 primus

88 1917 200 1951 edidit
217 1918 298 1951 J.-J.
325 1916 519 1956 overbeck,
548 1916 688 1955 Oxonii,
723 1918 823 1955 ¹86&
843 1917 1030 1960 adjecitex
1057 1918 1166 1952 Codd.
1194 1920 1364 1954 Romanis
1379 1921 1529 1966 Zinger-

89 1974 180 2008 leius
208 1979 281 2008 tum
299 1974 421 2007 Sancti
450 1973 574 2005 Patris
594 1972 778 2013 Eplzraemz·
794 1981 974 2006 Semnones
991 1976 1090 2014 duos,
1112 1975 1250 2016 Brixen‚
1264 1977 1408 2020 Weger,
1429 1982 1526 2020 1868,

90 2034 163 2063 tum
181 2030 249 2063 alia
269 2029 448 2072 quaedam,
467 2037 547 2070 quze
564 2028 804 2061 Monamenlis
833 2029 991 2070 Syriacis
1020 2038 1065 2062 ea:
1091 2030 1233 2065 Romm.
1254 2032 1360 2066 coda.
1378 2036 1527 2068 collectis

87 2083 187 2124 (tom.
211 2086 235 2123 l,
255 2083 464 2128 OEniponti,
485 2084 650 2125 Wagner.
668 2083 765 2123 1869)
785 2083 948 2118 inseruit.
970 2084 1071 2118 Dedit
1087 2085 1194 2119 etiarn
1213 2087 1339 2120 Martin
1357 2090 1523 2124 volumen

89 2140 383 2185 autograpnicum
403 2147 474 2182 quo
495 2139 655 2173 Doctoris
674 2139 833 2173 Nisibeni
848 2140 1007 2182 Hylimos
1021 2142 1060 2173 de
1071 2142 1283 2177 Abralzamo
1301 2144 1525 2180 Khidanensz'

88 2197 296 2240 complexus
330 2201 397 2230 est.
431 2196 587 2230 Necdum
619 2199 736 2229 tamen
762 2197 932 2230 exhausta
952 2202 1007 2230 est
1023 2200 1140 2240 ampla
1163 2199 1221 2232 illa
1240 2201 1369 2235 messis
1386 2212 1466 2245 quae
1482 2212 1525 2237 ex

89 2253 198 2286 Musei
223 2252 415 2285 Britannici
439 2251 662 2293 aliarumque
681 2251 977 2285 bibliothecarum
1001 2254 1245 2289 monumentis
1257 2255 1376 2300 colligi
1394 2263 1525 2300 potest.

89 2308 202 2350 Quare
230 2307 380 2342 Londini
415 2315 530 2350 nuper
561 2307 753 2349 descripsit
785 2308 827 2341 cl.
865 2310 971 2351 Lamy
1004 2317 1094 2343 nova
1128 2310 1304 2353 Ephraemi
1337 2314 1524 2355 anecdota,

88 2362 248 2405 Hymnos
266 2362 430 2396 videlicet
459 2365 501 2395 de
526 2362 721 2397 Nativitate
749 2362 899 2401 Christi,
925 2366 966 2397 ae
985 2364 1204 2405 Epiphania,
1223 2368 1264 2399 de
1288 2376 1392 2402 sacra
1414 2378 1526 2412 coma,

89 2418 129 2451 de
153 2418 396 2460 crucifixione,
414 2419 456 2452 de
472 2419 744 2459 resurrectione,
762 2420 803 2452 de
820 2419 974 2461 jejicmo,
1001 2421 1042 2453 de
1059 2421 1169 2455 Beata
1195 2422 1353 2466 Virgine,
1371 2426 1411 2458 de
1428 2435 1525 2460 mar-

89 2474 238 2515 tyribus,
254 2475 296 2507 de
312 2473 460 2508 Iuliano
481 2474 598 2513 Solum
616 2473 803 2507 Sermones
832 2475 915 2508 item
941 2476 1033 2509 bene
1059 2476 1190 2511 multos
1208 2481 1242 2510 et.
1261 2478 1525 2516 Commentario

91 2526 125 2560 in
161 2529 280 2571 plures
314 2528 506 2572 Scripturae
531 2529 653 2562 libros.
688 2531 772 2571 Quae
799 2531 919 2564 omnia
948 2532 1181 2567 translatione
1211 2534 1332 2568 Latina
1359 2537 1526 2580 notisque

91 2582 266 2618 illustrata
295 2584 505 2626 prodibunt.
533 2586 601 2618 Nec
627 2585 796 2619 diuturna
817 2587 889 2629 jam
915 2587 982 2620 erit
1010 2588 1169 2622 virorum
1200 2589 1435 2625 litteratorum
1466 2602 1523 2626 ex-

91 2639 263 2682 spectatio
281 2652 287 2673 :
307 2640 392 2672 dum
410 2640 505 2673 enim
526 2641 600 2674 naec
614 2641 746 2681 scribo,
764 2642 930 2676 volumen
952 2643 1105 2685 primum
1127 2645 1235 2687 praelo
1254 2646 1426 2689 subjacet.

134 2695 179 2733 (2)
205 2694 273 2728 Csr.
296 2696 329 2728 B.
350 2698 386 2728 l).
409 2697 434 2735 Ι,
455 2696 606 2729 4118432.

1374 2758 1420 2798 10
