1737 2950
780 220 1052 262 ...96-

197 354 239 392 et
267 346 477 392 mulieres
514 346 558 391 in
592 346 740 406 ipsum
777 346 1018 393 dominatae
1056 352 1176 392 sunt.
1210 346 1449 393 Dominum
1485 345 1634 406 itaque

197 437 285 468 non
312 423 566 475 timuimus;
607 422 714 483 quid
752 423 885 470 faciet
920 423 1053 469 nobis
1081 423 1187 469 rex?
1211 423 1287 470 Vae
1323 422 1488 469 nobis!
1529 437 1634 483 qua-

197 513 294 544 nam
321 499 558 558 prudentia
595 499 861 559 reliquimus
902 499 1048 560 legem
1078 504 1122 545 et
1147 498 1327 559 quidam
1353 513 1406 545 ex
1432 498 1564 545 nobis
1589 499 1634 545 in

196 574 431 634 iniquitate
456 575 735 636 gloriantur?
771 575 864 621 Nos
899 575 942 620 in
981 575 1164 621 silentio
1191 580 1236 621 et
1260 581 1448 635 stupore
1473 575 1634 622 sedere

194 666 274 710 par
313 657 399 698 est.
445 652 568 698 Dicis
610 658 654 698 tu
695 652 800 696 mihi
850 669 857 696 :
902 652 1037 706 Veni,
1078 652 1143 698 sis
1188 666 1362 698 mecum
1405 652 1633 713 particeps

192 727 389 773 omnium
424 742 524 788 quae
560 728 691 774 facio.
734 727 908 774 Idcirco
943 728 985 772 in
1022 734 1082 780 te,
1119 727 1296 781 doctor,
1337 727 1629 788 adimpletum

191 810 261 850 est
286 805 462 850 Domini
491 805 633 850 nostri
660 804 839 849 effatum
859 804 908 865 (ι)
934 821 941 850 ;
969 805 1183 850 Gir-cultis
1208 818 1333 851 mare
1358 811 1400 851 et
1425 805 1626 858 aridum,

190 888 240 925 ue
276 895 415 925 unum
447 882 724 938 conquiratis
760 881 1053 939 proselytum,
1091 894 1279 939 cumque
1316 881 1434 927 vobis
1466 882 1630 928 *adhae-

188 959 313 1008 serit,
348 971 449 1003 eum
480 958 668 1002 redditis
700 958 902 1015 qelzenna
940 959 1146 1017 diqnum.
1177 957 1396 1004 Mentitus
1429 963 1499 1004 est
1523 972 1630 1018 pro-

189 1035 322 1092 pheta
357 1040 400 1079 et
433 1033 612 1079 seduxit
646 1034 867 1094 collegam
905 1049 1057 1088 suum;
1102 1035 1174 1080 hic
1212 1040 1377 1087 autem,
1420 1049 1473 1081 eo
1508 1035 1627 1095 quod

190 1109 252 1153 illi
303 1123 472 1155 morem
520 1110 763 1169 gessisset,
816 1111 933 1156 leoni
982 1111 1174 1157 traditus
1221 1117 1308 1165 est,
1356 1111 1433 1171 qui
1482 1111 1628 1170 ipsius

187 1186 385 1231 membra
424 1186 664 1246 confregit..
709 1187 913 1242 Quando,
954 1187 997 1232 in
1033 1188 1194 1234 dicbus
1231 1187 1414 1241 Achab,
1453 1188 1627 1234 aberra-

186 1276 289 1307 vere
314 1262 493 1321 plurimi
531 1264 764 1322 prophetie
801 1269 845 1309 et
880 1263 1159 1316 sacerdotes,
1191 1265 1284 1310 Deo
1311 1269 1627 1310 remanserunt

185 1346 358 1399 septem
397 1340 534 1384 millia
571 1339 786 1392 virorum,
822 1340 898 1399 qui
936 1354 1025 1386 non
1063 1346 1304 1386 curvarunt
1339 1354 1487 1400 genua
1523 1346 1624 1386 ante

187 1416 286 1460 Baal
330 1430 476 1476 neque
520 1416 667 1475 ipsum
716 1416 1030 1462 adoraverunt.
1079 1417 1167 1470 Hi,
1215 1430 1330 1477 quos
1371 1430 1453 1462 nec
1503 1417 1623 1463 Elias

186 1497 384 1543 noverat,
416 1491 677 1537 sacerdotes
715 1505 862 1537 caecos
900 1498 1032 1551 atque
1071 1493 1252 1552 impios,
1282 1492 1334 1538 ad
1373 1492 1620 1552 perniciem

184 1569 441 1619 trahentes,
499 1581 586 1612 non
644 1574 749 1612 sunt
802 1569 962 1613 secuti.
1024 1569 1068 1613 Si
1120 1569 1378 1614 Roboamus
1432 1582 1620 1629 regnum

181 1644 352 1695 divisit,
383 1658 487 1688 num
526 1644 649 1688 illum
688 1657 853 1702 sequar
889 1644 1005 1704 ego?
1033 1671 1092 1677 —
1118 1644 1248 1689 Absit
1275 1645 1358 1690 hoc
1384 1658 1406 1689 a
1435 1645 1525 1690 me!
1567 1644 1623 1689 Et

182 1721 217 1765 si
244 1720 540 1765 Jeroboamus
563 1721 701 1765 Deum
729 1734 857 1766 suum
885 1721 1083 1780 reliquit,
1110 1735 1211 1766 num
1240 1720 1385 1780 ipsius
1412 1718 1619 1780 vestigiis

183 1796 389 1841 instabo?
418 1822 476 1827 —
502 1795 570 1841 Ab
608 1796 708 1841 istis
746 1796 944 1855 peccatis
981 1810 1109 1841 serva
1148 1809 1234 1847 me,
1264 1796 1385 1842 Deus
1417 1809 1560 1842 meus.
1594 1814 1617 1836 n

247 1873 351 1917 Haec
387 1872 650 1931 singillatim
689 1871 943 1930 expendere
980 1878 1024 1917 et
1060 1885 1110 1918 ea
1135 1878 1341 1918 accurate
1368 1884 1612 1931 exponere,

180 1962 279 2007 qua>—
307 1948 366 1992 ibi
394 1961 483 1993 non
509 1953 596 1992 tam
622 1952 775 2006 aperte
812 1947 1123 2007 exprimuntur
1159 1961 1290 2007 quam
1316 1952 1434 1993 tecte
1461 1946 1616 2006 potius

178 2038 227 2069 ac
255 2023 499 2082 prudenter
525 2022 857 2083 significantur,
891 2023 934 2067 in
963 2024 1175 2082 praesenti
1203 2036 1291 2068 non
1325 2027 1466 2068 vacat.
1498 2022 1616 2068 Satis

179 2099 237 2144 sit
287 2100 393 2144 illud
443 2100 710 2153 advertisse,
763 2099 882 2158 quod
928 2099 1242 2159 unusquisque
1288 2099 1434 2158 primo
1483 2098 1614 2158 quasi

179 2176 340 2220 intuitu
367 2175 503 2228 videt,
534 2189 687 2220 eorum
715 2176 912 2220 omnium
939 2176 1015 2235 qui
1042 2182 1312 2235 potestatem
1340 2176 1383 2220 in
1407 2173 1615 2221 Ecclesia

177 2258 388 2297 exercent
412 2251 614 2296 defectus
652 2257 695 2295 et
732 2252 886 2310 culpas
923 2251 1074 2296 verbis
1099 2250 1311 2310 gravibus
1347 2263 1399 2296 ac
1435 2250 1610 2296 severis

178 2327 404 2388 redargui.
437 2327 545 2372 Post
581 2340 630 2372 ea
665 2340 771 2372 vero
810 2340 909 2386 quac
947 2327 1179 2386 hucusque
1204 2327 1335 2372 allata
1360 2331 1482 2380 sunt,
1513 2327 1612 2386 plu-

177 2405 302 2449 ribus
327 2403 420 2463 agit
445 2403 634 2463 Sapiens
673 2403 809 2447 Persa
845 2402 899 2447 de
936 2402 1170 2447 vocatione
1201 2401 1371 2455 divina,
1401 2402 1499 2448 sine
1524 2416 1611 2462 qua

176 2493 352 2525 sacrum
380 2479 678 2524 ministerium
704 2478 937 2537 suscipere
965 2477 1111 2537 possit
1137 2491 1266 2523 nemo
1291 2478 1362 2523 vel
1387 2477 1514 2523 obire
1539 2475 1604 2538 (2),

177 2557 403 2615 multaque
428 2555 513 2601 alia
543 2555 831 2614 persequitur
867 2554 922 2600 de
960 2568 1068 2613 pace
1105 2561 1148 2599 ct
1187 2553 1432 2599 humilitate
1457 2567 1480 2598 a
1506 2567 1607 2613 pas-

219 2702 264 2738 (¹)
290 2700 383 2731 Mau.
405 2699 521 2737 xxm,
542 2700 592 2731 15.

218 2754 264 2792 (2)
291 2752 373 2792 5¹6.
