1737 2950
732 171 1001 213 -45-

144 296 186 340 in
214 296 362 342 medio
388 311 581 356 corpore
607 304 651 344 et
681 311 818 343 sensu
846 297 1030 357 privari,
1061 297 1165 357 quia
1191 299 1230 343 ei
1260 299 1374 343 haud
1401 299 1587 343 multum

141 373 438 420 conveniebat
458 374 554 421 haec
574 375 793 421 assertio:
815 375 862 420 ln
876 373 1025 420 medio
1046 388 1238 434 corpore
1259 375 1470 435 spiritum
1491 374 1584 419 ani-

140 450 299 497 malem
317 454 551 497 semz'nari.
584 479 640 484 —
672 452 874 508 Quonam
899 457 1047 497 autem
1075 465 1211 498 sensu
1246 458 1291 498 et
1323 451 1586 511 acceptione

140 527 351 588 prudenti
378 528 468 575 dici
491 529 599 575 illud
621 529 805 589 potest?
823 528 1021 588 Spiritus
1047 529 1166 574 enim
1193 528 1415 581 animalis,
1447 542 1583 574 sensu

137 618 316 659 carens,
345 606 389 652 in
426 607 545 653 nulla
577 613 781 653 creatura
812 606 984 659 existit,
1012 606 1100 652 nisi
1127 612 1298 652 tantum
1327 606 1370 650 in
1398 605 1582 652 semini-

137 682 241 737 bus,
270 684 314 728 in
342 683 495 730 herbis
521 689 655 744 atque
682 684 723 728 in
758 683 1016 735 arboribus,
1048 690 1092 729 et
1128 683 1171 728 in
1210 683 1394 729 foetibus
1432 683 1581 729 forsan

139 765 266 806 utero
293 760 509 814 inclusis;
550 760 671 821 quod
698 760 815 806 enim
846 760 942 805 haec
967 759 1046 805 alit
1071 766 1116 805 et
1152 760 1219 805 eis
1255 759 1582 805 incrementum

137 837 281 891 affert,
312 844 435 885 caret
460 838 685 885 sentiendi
713 845 756 884 et
781 851 883 884 sese
920 852 943 883 a
978 838 1078 884 loco
1112 838 1155 883 in
1195 839 1343 884 locum
1372 837 1581 883 movendi

137 913 364 961 facultate.
413 916 523 960 Nam
567 929 685 964 cum,
733 921 781 960 ut
823 913 991 960 docent
1033 914 1282 974 sapientes,
1329 914 1582 960 substantia

135 989 361 1037 dividatur
387 992 429 1037 in
457 1005 723 1052 corpoream
749 998 793 1037 et
819 991 1151 1051 incorpoream.
1182 998 1225 1036 et
1250 991 1377 1051 prior
1402 990 1581 1050 disper-

135 1069 270 1115 tiatur
312 1071 354 1115 in
393 1071 630 1116 animatam
674 1077 717 1116 et
754 1070 1057 1124 inanimatam,
1099 1070 1353 1116 substantia
1390 1070 1582 1115 animata

134 1145 232 1205 ipsa
258 1147 448 1194 ulterius
484 1147 700 1193 dividitur
733 1147 776 1192 in
803 1148 984 1201 animal,
1013 1147 1285 1207 zoophytum
1315 1144 1362 1208 (ι)
1383 1153 1425 1192 et
1452 1146 1578 1206 plan-

134 1228 238 1270 tam.
271 1225 325 1271 Et
350 1225 512 1270 animal
538 1224 721 1285 quidem
748 1230 818 1271 est
844 1224 954 1270 illud
980 1238 1111 1271 omne
1133 1224 1254 1284 quod
1274 1224 1383 1270 vivit
1406 1230 1450 1269 et
1476 1238 1579 1270 sese

133 1315 157 1347 a
189 1301 290 1348 loco
327 1301 372 1347 in
411 1301 560 1348 locum
597 1311 671 1347 aut
703 1302 746 1346 in
779 1315 899 1356 aero,
930 1308 1004 1347 aut
1037 1302 1080 1346 in
1116 1307 1252 1355 terra,
1283 1307 1358 1347 aut
1384 1300 1427 1345 in
1466 1315 1580 1361 aqua

132 1378 361 1424 transfert.
394 1379 626 1439 Zoophyta
664 1392 771 1424 vero
811 1385 916 1424 sunt
954 1378 1179 1439 spongiae,
1210 1378 1448 1438 conchylia
1487 1377 1579 1437 ple-

132 1469 270 1516 raque
300 1461 343 1501 et
367 1455 515 1501 omnia
543 1455 617 1500 illa
643 1470 761 1515 quae,
792 1455 897 1501 dum
937 1455 1013 1501 uni
1054 1456 1154 1501 loco
1193 1455 1323 1500 affixa
1358 1461 1463 1500 sunt
1496 1467 1578 1499 nec

130 1531 184 1577 ab
226 1545 280 1578 eo
322 1532 551 1578 voluntate
586 1546 666 1578 sua
704 1532 935 1589 recedunt,
973 1532 1145 1586 vivunt,
1187 1539 1232 1578 et
1267 1532 1488 1585 sentiunt,
1536 1531 1575 1577 si

130 1608 238 1669 quid
272 1608 326 1654 ad
363 1622 414 1655 ea
442 1608 626 1654 accedat
658 1615 701 1654 et
743 1623 794 1654 ea
827 1615 1006 1669 tangat;
1037 1616 1080 1655 et
1106 1624 1156 1655 ea
1194 1609 1345 1655 vivere
1388 1615 1573 1668 apparet

130 1692 223 1730 tum
260 1699 311 1731 ex
349 1699 402 1732 eo
439 1685 561 1746 quod
602 1687 817 1740 sentiant,
847 1693 941 1732 tum
979 1701 1031 1732 ex
1071 1700 1124 1733 eo
1158 1686 1279 1747 quod
1310 1685 1497 1746 sanguis
1524 1699 1577 1731 ex

132 1761 186 1807 iis
212 1763 472 1823 egrediatur
498 1763 535 1808 si
567 1770 872 1823 amputentur.
906 1766 1061 1810 Planta
1087 1772 1234 1811 autem
1257 1770 1327 1811 est
1352 1763 1395 1809 id
1431 1763 1572 1824 quod,

130 1838 281 1891 lixum,
312 1840 558 1898 plantatum
586 1846 630 1885 et
655 1841 952 1886 constitutum
988 1841 1031 1886 in
1068 1856 1155 1887 uno
1188 1842 1307 1895 loco,
1337 1840 1574 1901 quamdam

130 1914 260 1960 habet
284 1914 493 1968 animam,
525 1929 661 1961 sensu
689 1922 935 1970 carentem,
978 1931 1077 1977 qua}
1104 1917 1213 1963 illud
1241 1917 1319 1963 alit
1344 1922 1388 1963 et
1414 1916 1467 1962 ad
1506 1918 1572 1964 in—

128 1996 407 2037 crementum
440 1991 565 2038 ducit
599 2007 685 2038 una
715 2007 815 2038 cum
857 2000 992 2047 terra,
1034 2008 1148 2054 aqua
1185 2000 1228 2040 et
1264 1993 1574 2041 sollicitudine

129 2066 375 2113 Creatoris.
407 2068 523 2114 Huic
549 2069 720 2128 speciei
747 2069 906 2116 animae
933 2070 1097 2130 plantae
1126 2071 1393 2116 assimilavit
1419 2077 1575 2117 auctor

129 2145 204 2190 ille
230 2146 368 2191 Persa
393 2146 584 2192 animam
621 2148 875 2201 humanam,
921 2163 1052 2209 quam
1090 2149 1203 2196 dicit
1239 2155 1345 2210 post
1383 2156 1573 2196 mortem

128 2234 260 2267 sensu
288 2222 453 2281 privari
482 2230 525 2269 et
557 2223 705 2270 medio
738 2224 782 2269 in
815 2238 1010 2285 corpore
1051 2227 1254 2286 sepeliri.
1284 2227 1341 2273 At
1366 2227 1570 2273 viliorem

128 2297 259 2342 etiam
286 2298 431 2344 anima
457 2299 623 2359 plantae
649 2301 850 2347 ostendit
875 2315 977 2347 esse
1004 2303 1196 2349 animam
1223 2318 1323 2364 quae
1351 2304 1499 2350 medio
1528 2304 1570 2348 in

169 2472 218 2510 (Ι)
244 2462 369 2524 tlt-232
401 2471 507 2502 Ao...-
532 2474 750 2508 verbotenus
769 2478 824 2509 cst
841 2475 979 2510 animal
997 2478 1144 2517 plantae.
