1737 2950
780 214 1074 257 -158-

201 340 445 387 clausulam
470 353 604 400 quam
636 339 802 386 habent
836 345 880 386 et
916 345 1066 387 textus
1104 339 1290 387 Graecus
1328 344 1372 386 et
1409 338 1597 400 Vulgata
1625 356 1634 386 ε

200 421 305 477 εἴπερ
327 415 409 477 ἄρα
434 418 557 477 νεκροὶ
579 416 642 459 οὐκ
666 420 891 478 ἐγείρονται,
917 418 958 461 si
984 418 1149 462 mortni
1173 430 1262 463 non
1286 423 1549 475 resurqunt.

266 493 462 553 Tempus
487 499 634 539 autem
661 493 776 539 ultra
802 492 922 552 quod
951 492 1179 540 versionis
1203 492 1481 540 Armeniacae
1512 499 1640 540 ortus

199 568 370 615 differri
396 569 551 629 nequit
569 583 624 615 eo
646 569 761 615 forte
791 568 961 615 indicio
982 569 1207 629 proditur,
1228 569 1640 631 aitSassius,quod

200 645 425 706 interpres
455 645 693 706 Aphraatis
729 644 1112 705 propositionem,
1141 660 1228 706 qua
1264 645 1395 700 dicit,
1423 645 1640 693 mundum
1716 651 1737 703 ⁴,

200 722 317 768 hunc
342 729 446 782 post
471 736 549 769 sex
575 723 712 768 millia
737 736 957 768 annorum
976 722 1264 769 destructum
1285 723 1358 777 iri,
1380 722 1435 769 ad
1454 722 1640 770 verbum

198 800 426 860 expressit
463 802 600 862 (Hom.
638 801 699 854 II,
739 798 761 857 ἓ
801 798 892 861 13).
935 801 1079 856 Quum
1118 801 1238 847 enim
1275 800 1378 847 aliis
1421 800 1464 846 in
1506 800 1637 854 Locis,

199 883 246 922 ut
287 891 339 923 ex
381 877 514 923 modo
557 876 693 922 dictis
735 882 940 936 apparet,
980 876 1118 922 verba
1159 877 1411 937 archetypi,
1440 876 1516 922 ubi
1559 876 1639 923 ali-

197 967 284 1013 qua
320 953 589 1013 suppetebat
625 953 755 1007 ratio,
803 957 974 998 mutare
1009 966 1098 998 non
1137 952 1424 1009 dubitaverit,
1462 952 1529 998 fas
1570 958 1641 999 est

196 1029 425 1090 ambigere
451 1036 599 1075 utrum
625 1029 933 1075 testimonium
975 1029 1095 1075 istud
1132 1029 1360 1090 integrum
1397 1029 1639 1076 relicturus

197 1106 347 1160 fuerit,
376 1107 414 1153 si
442 1113 546 1166 post
569 1121 734 1152 annum
761 1104 873 1159 500,
906 1106 948 1151 in
989 1120 1141 1166 quem,
1183 1106 1434 1153 secundum
1464 1112 1639 1166 tempo·

196 1197 294 1228 rum
328 1183 709 1243 computationem
745 1182 973 1229 Armeniis
1011 1183 1088 1229 illa
1125 1188 1255 1229 {etate
1290 1183 1515 1237 usitatam,
1557 1182 1637 1229 de-

196 1262 304 1307 sinit
329 1275 408 1307 sex
433 1262 622 1307 millium
644 1275 863 1307 annorum
889 1261 1123 1321 periodus,
1149 1262 1490 1308 translationem
1511 1275 1637 1308 suam

196 1338 538 1385 elaboravisset.

262 1416 370 1471 Quae
396 1430 532 1475 quum
560 1415 619 1461 ita
643 1430 693 1461 se
719 1416 925 1469 habeant,
953 1429 1040 1461 non
1063 1414 1424 1475 improbabiliter
1444 1420 1633 1469 statuas,

195 1493 490 1537 Homz‘liarum
538 1492 766 1552 Sapientis
816 1494 968 1539 Persae
1017 1492 1273 1538 versionem
1326 1490 1636 1538 Armeniacam

195 1568 334 1613 altero
361 1568 515 1613 saeculi
541 1568 576 1613 V
601 1568 789 1614 dimidio
817 1569 994 1614 labente
1020 1568 1270 1614 consectam
1298 1581 1418 1613 esse.

261 1645 307 1690 Si
350 1645 405 1690 de
446 1645 647 1704 ejusdem
689 1646 916 1691 versionis
956 1646 1102 1705 pretio
1143 1650 1186 1691 et
1221 1645 1489 1691 auctoritate
1525 1658 1633 1704 pen·

195 1721 332 1776 sanda
357 1727 531 1781 agatur,
562 1721 705 1767 fateor
732 1722 900 1782 linguae
927 1722 1156 1767 rudiorem
1183 1735 1285 1767 esse
1313 1735 1400 1775 me,
1430 1734 1561 1781 quam
1588 1725 1636 1766 ut

188 1799 406 1857 judicium
451 1800 549 1859 ipse
592 1800 708 1845 ferre
752 1814 931 1859 queam.
977 1800 1129 1846 Liceat
1169 1805 1334 1852 tamen,
1380 1798 1635 1845 doctiorum

194 1877 356 1936 gratia,
384 1876 539 1936 paucis
565 1877 777 1923 exhibere
803 1876 1071 1923 sententiam
1096 1876 1179 1922 viri
1206 1876 1264 1922 cl.
1296 1875 1438 1921 Sassii
1464 1872 1533 1937 (1),
1563 1874 1634 1921 cui

194 1950 387 2010 plurima
435 1966 489 1998 ex
537 1953 593 1998 iis
640 1966 740 2012 quae
789 1952 832 1997 in
880 1952 1095 2012 praesenti
1147 1951 1429 2012 paragrapho
1470 1949 1634 1996 tradidi

193 2035 378 2087 accepta
425 2028 585 2074 lubens
634 2029 797 2074 refero.
841 2028 1148 2074 «Translator
1194 2026 1507 2080 Armeniacus,
1552 2025 1630 2080 ait,

195 2104 360 2164 linguae
387 2105 581 2165 Spiacae
606 2105 931 2165 peritissimum
956 2118 1005 2150 se
1029 2104 1201 2164 praebet
1224 2108 1358 2163 atque
1385 2103 1634 2163 archetypo

194 2188 400 2227 accurate
437 2190 479 2227 et
518 2182 604 2228 lide
642 2182 857 2227 vertendo
895 2181 938 2226 in
979 2181 1238 2227 universum
1277 2193 1461 2240 operam
1487 2178 1629 2225 dedit.

195 2259 349 2317 ltaque
374 2258 523 2303 evenit
556 2265 606 2303 ut
640 2258 856 2318 quasdam
894 2258 1060 2318 linguae
1097 2256 1295 2317 Syriacae
1330 2255 1635 2316 proprietates

196 2335 239 2379 in
289 2349 542 2381 sermonem
589 2349 717 2381 suurn
768 2335 1080 2380 Armeniacum
1131 2337 1473 2380 transsumeret.
1503 2350 1525 2373 >2
1569 2331 1634 2378 Ita
1695 2325 1702 2355 ἶ

196 2428 239 2467 et
278 2422 457 2468 modum
493 2422 711 2482 temporis
747 2421 997 2482 imperfecti
1032 2421 1171 2467 verbo
1201 2415 1315 2491 '³3’
1350 2420 1508 2478 voluit,
1544 2417 1632 2464 cir·
1695 2467 1701 2471 s

195 2513 548 2568 cumscribendi‚
578 2519 626 2560 ut
651 2514 696 2558 in
722 2513 803 2559 hac
829 2512 1145 2572 propositione
1169 2510 1241 2576 (2):
1272 2506 1445 2568 lima-³2
1488 2506 1629 2584 μὴ,

239 2665 285 2702 (Ι)
310 2662 376 2702 01).
395 2663 470 2701 cil.‚
491 2671 524 2704 p.
545 2663 585 2695 27
604 2670 704 2703 seqq.

239 2718 286 2757 (2)
313 2717 477 2760 Wright,
497 2727 530 2759 p.
559 2734 579 2756 0
611 2745 618 2753 .
