1737 2950
182 350 466 395 vehementer
500 348 797 399 extimescite,
826 347 891 392 ait
935 346 1169 391 Dominus.
1219 346 1314 390 Duo
1350 345 1468 391 enim
1510 346 1635 392 mala

179 424 290 485 fecit
313 426 507 483 populus
533 439 658 471 meus
688 441 699 470 :
730 437 796 469 me
821 423 1177 481 dereliquerunt,
1205 421 1372 483 sontem
1410 437 1636 481 aquarum

182 501 391 548 vivarum
430 511 472 549 et
513 504 728 548 abeuntes
762 502 975 558 foderunt
1010 501 1097 545 sibi
1133 502 1374 553 cisterna&
1414 503 1637 547 cisternas

181 581 410 638 diruptas,
441 582 487 624 in
522 594 636 638 quas
669 593 836 637 aquam
875 579 1082 636 colligere
1120 585 1362 636 nequeunt.
1405 577 1635 624 Cisterna-

183 671 280 702 rum
316 656 599 717 diruptarum
639 656 822 702 nomine
858 655 1147 716 significatur
1188 655 1414 701 idolorum
1459 656 1630 708 cultus;

182 734 286 779 coeli
313 733 619 794 obstupefacti
647 739 752 780 sunt
779 746 832 778 eo
859 731 979 792 quod
1007 732 1213 777 colerent
1234 732 1380 778 Judaei
1407 732 1635 778 exercitus

181 810 308 863 coeli;
362 824 521 870 poenas
576 809 712 855 iidem
768 808 1018 861 dederunt,
1077 808 1303 868 siquidem
1362 809 1634 854 membranae

180 887 325 933 instar
353 887 542 933 involuti
571 893 676 933 sunt
703 893 747 932 et
772 887 841 932 vis
869 900 1025 932 eorum
1054 885 1242 931 decidit.

248 965 373 1010 Hanc
413 978 589 1010 omnem
615 963 992 1023 disputationem,
1021 976 1151 1022 quam
1192 976 1330 1021 supra
1366 962 1522 1014 habes,
1553 961 1633 1006 tibi

181 1040 458 1100 conscripsi,
490 1040 744 1099 carissime,
773 1041 876 1100 quia
911 1039 1097 1085 Judaeus
1133 1038 1315 1099 quidam
1343 1037 1450 1083 filiis
1476 1038 1633 1097 populi

179 1118 327 1164 nostri
354 1117 637 1164 conviciatus
667 1124 777 1163 erat.
812 1117 1054 1169 Caeterum,
1085 1122 1222 1175 prout
1256 1120 1435 1175 potero,
1478 1120 1630 1160 osten-

179 1195 281 1239 dam
304 1194 384 1240 tibi
413 1208 492 1240 eos
520 1194 597 1254 qui
624 1193 768 1239 vexati
798 1193 974 1239 fuerant
996 1206 1155 1253 magna
1183 1191 1391 1237 mercede
1419 1191 1628 1243 donatos,

177 1278 503 1330 persecutores
553 1277 699 1316 autem
750 1269 1000 1331 ignominia
1050 1274 1093 1315 et
1141 1274 1402 1328 contemptu
1446 1268 1634 1314 affectos

179 1347 342 1394 fuisse.

245 1424 444 1470 Jacobus
480 1423 850 1483 persecutionem
890 1421 1045 1474 subiit,
1075 1429 1118 1467 et
1155 1423 1328 1466 Esavus
1366 1426 1636 1480 persecutor

179 1501 263 1546 fuit
289 1518 296 1545 :
322 1501 520 1547 Jacobus
548 1500 727 1560 accepit
753 1499 1100 1546 henedictiones
1127 1506 1169 1545 et
1196 1499 1490 1559 primogeniti
1511 1499 1629 1557 jura,

180 1585 223 1622 et
247 1578 420 1624 Esavus
448 1583 640 1638 utraque
676 1591 724 1623 re
762 1577 988 1637 spoliatus
1024 1583 1110 1622 est.
1148 1576 1380 1636 Josephus
1418 1589 1633 1635 persecu-

179 1654 347 1701 tionem
377 1669 541 1714 passus
569 1660 656 1708 est,
682 1660 724 1699 et
746 1653 908 1699 fratres
935 1653 1033 1712 ejus
1060 1658 1380 1713 persecutores
1408 1652 1589 1698 fuerunt
1621 1669 1629 1696 ;

177 1731 409 1790 Josephus
436 1737 621 1776 evectus
649 1736 734 1782 est,
768 1729 914 1789 ipsius
952 1735 1098 1775 autem
1128 1734 1449 1788 persecutores
1475 1728 1634 1774 adora-

178 1813 341 1853 verunt
381 1821 480 1853 eum
525 1812 570 1852 et
612 1806 709 1865 ejus
756 1806 932 1851 somnia
976 1812 1109 1865 atquc
1151 1805 1354 1850 visiones
1391 1804 1634 1863 adimpleta

181 1890 302 1930 sunt.
357 1885 499 1929 Porro
549 1883 779 1943 Josephus
835 1888 1022 1928 vexatus
1078 1880 1333 1927 similitudo
1388 1880 1467 1926 fuit
1525 1881 1633 1926 Jesu

180 1959 379 2019 (Christi)
415 1959 726 2019 persecutioni
762 1958 947 2004 obnoxii
990 1975 997 2003 :
1039 1958 1289 2018 Josephum
1326 1956 1471 2002 induit
1507 1963 1634 2016 pater

178 2037 332 2082 tunica
366 2037 584 2082 manicata
627 2042 762 2096 atque
809 2035 1049 2089 fimbriata,
1089 2042 1133 2081 et
1165 2036 1300 2082 Jesus
1344 2048 1536 2094 corpore
1579 2048 1632 2080 ex

178 2114 357 2174 virgine
383 2119 619 2173 assumpto
646 2127 669 2158 a
696 2114 828 2159 Patre
855 2113 1041 2159 indutus
1069 2119 1160 2166 est;
1201 2113 1430 2172 Josephus
1457 2126 1479 2156 a
1504 2118 1631 2172 patre

179 2204 274 2249 prae
301 2189 516 2235 fratribus
543 2189 836 2250 diligebatur,
864 2195 907 2235 et
931 2190 1086 2235 Jesum
1125 2203 1290 2249 magno
1323 2202 1474 2234 amore
1502 2188 1634 2233 Pater

179 2266 497 2326 prosequitur;
545 2265 776 2326 Josephus
819 2265 1011 2312 somniis
1055 2271 1099 2312 et
1140 2265 1397 2311 visionibus
1437 2264 1631 2309 donatus

178 2343 280 2397 suit,
328 2349 372 2389 et
411 2344 547 2389 Jesus
589 2342 793 2389 visiones
843 2349 977 2403 atque
1026 2343 1293 2403 prophetias
1341 2340 1626 2400 adimplevit;

179 2419 409 2479 Josephus
445 2433 547 2465 cum
586 2418 800 2465 fratribus
828 2418 924 2464 suis
950 2431 1138 2480 gregem
1163 2418 1395 2479 pascebat,
1426 2423 1470 2462 et
1493 2417 1630 2461 Jesus

179 2496 396 2555 princeps
431 2502 664 2555 pastorum
704 2502 796 2549 est;
834 2496 1105 2556 Josephum,
1135 2510 1159 2540 a
1194 2501 1321 2555 patre
1358 2493 1546 2538 missum
1573 2491 1627 2536 ad

181 2570 447 2617 invisendos
484 2571 665 2623 fratres,
696 2584 798 2616 cum
825 2571 1050 2617 vidissent
1089 2571 1130 2615 hi
1171 2570 1446 2620 venientem,
1477 2565 1631 2612 consi-

181 2646 289 2693 lium
333 2647 530 2693 inierunt
571 2660 673 2692 eum
722 2647 1044 2699 interficiendi,
1092 2653 1136 2692 et
1185 2652 1426 2705 postquam
1473 2642 1631 2687 Jesum
