1737 2950
730 206 1022 249 „282-

165 333 244 378 sed
265 332 322 378 de
343 331 524 391 publica
548 331 812 391 poenitentia
831 337 876 377 ct
895 331 1204 378 confessione.
1229 331 1354 378 lstud
1374 338 1598 380 assertum

166 421 297 468 quam
324 407 451 453 futile
478 407 539 453 sit
568 413 613 453 ct
647 407 741 454 risu
778 406 930 453 verius
967 420 1099 468 quam
1131 406 1442 454 confutatione
1477 408 1596 455 exci-

165 483 398 545 piendum,
443 484 691 531 ostendunt
732 497 1029 545 quaecumque
1070 483 1218 531 adhuc
1259 483 1315 531 de
1356 483 1600 545 scriptoris

166 568 289 609 textu
315 561 626 609 animadversa
652 562 795 609 fuere.

233 641 287 686 Et
323 654 431 687 sanc
469 646 516 686 ut
546 640 637 700 jam
672 640 874 687 omittam
910 639 953 685 in
988 652 1041 686 eo
1074 639 1267 700 plurima
1290 653 1394 686 esse
1419 652 1520 700 quae
1543 638 1601 686 de

167 718 262 765 sola
299 717 590 764 confessione
625 723 801 764 secreta
838 716 1053 777 explicari
1088 716 1286 777 possint,
1316 716 1402 763 hoc
1435 715 1479 762 in
1506 729 1599 763 me—

167 795 354 841 moriam
381 808 593 842 revocare
624 795 748 841 lubet
777 811 785 840 :
815 794 1063 841 discrimen
1096 807 1200 840 esse
1238 794 1356 840 inter
1381 795 1600 853 paeniten-

167 873 277 918 tiam
294 872 520 930 publicam
541 877 585 917 et
603 870 923 933 confessionem
944 872 1189 930 publicam,
1214 876 1258 917 et
1277 870 1398 917 illam
1417 869 1601 931 quidem

166 953 440 1009 praeceptam
487 948 594 994 olim
637 948 796 1000 fuisse,
845 948 951 994 licet
993 962 1075 1008 pro
1118 947 1388 1009 quibusdam
1431 952 1601 994 tantum

166 1025 436 1072 criminibus
482 1025 787 1086 gravissimis,
838 1025 1125 1086 eisdemque,
1169 1025 1297 1084 juxta
1343 1024 1602 1085 complures

167 1107 392 1154 auctores,
422 1101 637 1161 publicis,
667 1107 710 1147 at
745 1101 864 1147 nulla
900 1115 1095 1162 unquam
1129 1101 1348 1148 Ecclesiae
1385 1101 1486 1162 lege
1516 1115 1600 1160 pu-

167 1180 294 1226 blicae
317 1178 606 1240 confessionis
632 1179 951 1225 necessitatem
979 1178 1237 1239 impositam
1262 1191 1366 1225 esse
1391 1175 1457 1240 (i).

237 1257 459 1302 Praeterea
506 1269 612 1302 vero
664 1260 842 1302 constat
889 1255 1199 1316 poenitentiam
1249 1253 1475 1316 publicam
1522 1268 1601 1301 seu

168 1333 429 1379 canonicam
453 1333 496 1378 in
518 1333 731 1393 primaeva
751 1332 955 1378 Ecclesia
976 1332 1157 1378 nonnisi
1179 1332 1319 1379 semel
1337 1345 1601 1378 concessam

168 1410 325 1457 fuisse.
360 1409 501 1469 Hujus
539 1410 601 1456 rei
640 1410 772 1456 testis
809 1410 942 1455 nobis
979 1415 1063 1463 est,
1091 1423 1132 1456 e.
1158 1424 1227 1470 g.‚
1258 1409 1303 1456 S.
1330 1408 1521 1468 Siricius
1558 1408 1600 1453 in

168 1489 367 1546 Epistola
393 1488 415 1532 I
445 1488 504 1533 ad
536 1489 785 1533 Himerium
823 1489 1214 1539 Tarraconensem,
1246 1501 1289 1531 n.
1321 1484 1349 1532 6
1373 1483 1422 1548 (2)
1450 1502 1459 1532 ε
1492 1504 1514 1527 «
1539 1486 1602 1531 De

169 1563 241 1610 liis
262 1578 368 1610 vcro
396 1577 484 1610 non
512 1563 763 1624 incongrue
789 1564 982 1609 Dilectio
1012 1569 1087 1609 tua
1106 1562 1419 1623 Apostolicam
1440 1561 1602 1609 Sedem

168 1639 363 1686 credidit
382 1640 724 1693 consulendam,
744 1640 821 1700 qui
840 1645 936 1686 acta
955 1640 1218 1700 poenitentia
1238 1645 1448 1700 tanquam
1467 1652 1602 1686 canes

168 1731 219 1763 ac
260 1731 367 1763 sues
405 1717 457 1763 ad
493 1717 689 1763 vomitus
726 1717 947 1777 pristinos
984 1724 1028 1763 et
1063 1715 1296 1762 volutabra
1339 1715 1597 1766 redeuntes,

169 1799 257 1840 etc.
289 1795 350 1839 De
385 1794 568 1854 quibus,
598 1797 707 1852 quia
734 1795 833 1851 jam
868 1795 1118 1853 suffuqium
1152 1807 1239 1839 non
1273 1794 1436 1839 habent
1463 1791 1604 1851 poem'-

170 1871 309 1925 tendi,
339 1870 382 1915 id
410 1870 618 1917 duximus
643 1870 997 1924 decernendum,
1027 1877 1075 1916 ut
1100 1870 1197 1916 sola
1222 1870 1338 1915 intra
1362 1869 1601 1916 ecclesiam

170 1948 381 1994 fidelibus
405 1948 609 1994 oratione
640 1948 915 2008 jungantur;
952 1961 1094 1994 sacrae
1128 1946 1447 2008 mysteriorum
1483 1946 1601 1993 cele-

171 2025 340 2080 britati2
369 2024 574 2084 quamvis
607 2038 694 2070 non
727 2028 999 2077 mereantur,
1037 2023 1270 2077 intersint;
1307 2037 1330 2069 a
1365 2021 1603 2069 dominicae

169 2107 315 2147 autem
343 2115 511 2147 mensae
538 2101 745 2147 convivio
772 2106 1135 2161 segregentur...
1166 2119 1188 2141 »
1214 2098 1270 2146 At
1295 2099 1602 2159 poenitentiam

170 2193 301 2238 quam
346 2178 540 2223 inculcat
579 2177 828 2238 Aphraates
874 2191 1118 2237 nunquam,
1160 2176 1372 2237 quamdiu
1430 2176 1476 2221 in
1518 2176 1603 2222 hoc

171 2255 337 2301 mundo
375 2269 624 2309 versamur,
668 2255 819 2301 iterari
864 2267 951 2299 non
987 2267 1125 2313 posse
1160 2253 1474 2300 demonstrant
1509 2257 1602 2298 tum

214 2408 261 2445 (1)
288 2407 430 2438 Factum
458 2404 563 2437 simul
590 2409 624 2437 ct
652 2404 732 2437 sacti
761 2403 936 2437 rationem
964 2402 1128 2436 enuntiat
1149 2404 1254 2436 Cone.
1279 2401 1362 2435 Trid
1381 2426 1391 2442 ‚
1417 2409 1508 2436 sess.
1532 2402 1602 2435 x1v

170 2469 248 2503 cap.
278 2462 302 2492 V
336 2460 387 2493 De
419 2459 626 2500 poenitencia
657 2471 664 2492 :
695 2471 714 2489 α
741 2458 813 2492 Etsi
847 2458 1032 2498 Christus,
1065 2457 1198 2500 inquit,
1232 2465 1304 2492 non
1332 2456 1485 2491 vetuerit
1515 2456 1600 2500 quin

170 2515 358 2558 aliquis...
377 2515 505 2549 delicta
523 2523 585 2548 sua
607 2514 747 2557 publice
764 2512 924 2547 confiteri
944 2512 1073 2555 possit,
1091 2520 1162 2546 non
1180 2516 1235 2546 est
1253 2516 1370 2545 tamen
1389 2511 1457 2546 hoc
1480 2511 1603 2546 divino

171 2578 351 2613 praecepto
369 2569 589 2609 mandatum,
608 2577 673 2602 ncc
690 2567 778 2602 satis
794 2568 959 2602 consulte
977 2568 1130 2600 humana
1148 2566 1267 2610 aliqua
1291 2566 1368 2610 lege
1392 2566 1603 2609 praecipere-

172 2630 240 2665 tur,
254 2629 292 2658 ut
303 2625 442 2660 delicta.
459 2624 654 2667 praesertim
672 2628 821 2663 secreta,
835 2622 974 2665 publica
992 2625 1114 2656 essent
1129 2620 1358 2656 consessione
1371 2619 1603 2663 aperienda.»

213 2680 263 2719 (2)
287 2682 350 2721 Ap.
371 2681 538 2718 Per-rone,
560 2679 719 2712 Proelecl.
741 2678 921 2719 theoloqic.
938 2676 1112 2715 (Lovanii,
1130 2677 1226 2716 ¹84¹)
1244 2678 1328 2710 tom.
1344 2675 1400 2715 Vl.
1419 2682 1523 2718 pagg.
1537 2675 1602 2709 453
1640 2697 1642 2699 »

171 2739 206 2769 ct
222 2736 297 2768 ⁴5⁴.
