1737 2950
648 211 693 215 -
760 185 833 226 1โถ33

80 313 314 361 decenniis
340 313 507 366 clarus,
543 317 664 356 certe
693 323 834 370 usque
863 308 916 355 ad
955 323 1119 355 annum
1155 308 1248 353 373
1281 316 1516 369 superstes

80 392 178 445 suit,
210 391 298 436 imo
324 388 575 435 rationibus
612 402 700 434 non
738 386 1010 448 spernendis
1049 386 1179 433 inniti
1206 386 1415 433 videntur
1440 387 1516 448 qui

78 482 179 516 eum
220 466 351 513 annis
384 464 772 526 subsequentibus
811 463 956 510 adhuc
995 463 1038 509 in
1080 463 1196 510 vivis
1230 463 1372 510 fuisse
1408 477 1516 510 con-

79 545 284 592 tendunt.

75 724 158 784 ยง4-
178 740 340 772 examen
362 739 594 771 Attoniti-,nii
614 738 910 771 cunonotooici
926 737 1139 770 aesone-io
1160 736 1337 768 cni-{Tium
1359 737 1499 768 Attm

143 860 198 905 Et
223 860 318 906 haec
342 858 523 919 quidem
552 859 662 905 satis
685 865 805 913 sunt,
833 865 881 904 ut
905 865 1071 918 pateat,
1094 858 1215 918 quod
1237 858 1515 918 caeteroquin

75 951 99 983 a
125 937 303 984 nemine
333 936 374 981 in
402 936 587 982 dubium
616 936 749 982 liodie
775 941 976 988 vocatur,
1017 942 1113 981 toto
1140 936 1254 981 coelo
1280 935 1517 981 aberrasse

75 1017 150 1076 qui
195 1016 452 1076 Sapientem
496 1015 678 1060 Persam
728 1014 844 1060 inter
892 1014 936 1060 S.
987 1012 1213 1074 Ephraemi
1262 1012 1514 1073 discipulos

76 1093 386 1155 reponendum
413 1098 713 1139 autumarunt.

141 1171 190 1216 ld
216 1176 387 1216 tantum
415 1169 638 1230 reliquum
661 1175 746 1223 est,
779 1174 826 1215 ut
850 1169 904 1214 ad
931 1166 1145 1228 majorem
1181 1169 1434 1229 argumenti
1462 1182 1514 1214 ex

74 1247 371 1309 chronologia
391 1246 619 1307 desumpti
645 1246 1017 1307 perspicuitatem
1039 1252 1082 1292 et
1102 1245 1510 1300 confirmationem,

73 1326 276 1388 quaedam
322 1326 395 1372 hic
436 1331 704 1371 annotemus
747 1324 802 1371 de
846 1324 980 1371 modo
1024 1325 1159 1386 longe
1201 1324 1382 1370 diverso
1425 1337 1514 1384 quo

73 1405 191 1451 idem
235 1404 475 1466 proposuit
515 1403 771 1464 Georgius,
819 1404 1075 1464 Episcopus
1117 1402 1312 1449 Arabum
1354 1400 1417 1464 (1).
1468 1402 1514 1448 Si

73 1484 191 1531 enim
219 1498 269 1530 ea
293 1497 393 1544 quae
419 1483 604 1542 scripsit
644 1482 697 1528 ad
736 1483 948 1528 trutinam
975 1488 1262 1534 revocentur,
1293 1480 1515 1527 dicendus

74 1569 145 1610 est
168 1563 236 1609 vir
261 1562 424 1608 doctus
462 1562 599 1607 multa
635 1562 678 1606 in
717 1561 827 1607 illud
867 1566 1181 1622 argumentum
1218 1559 1516 1619 congessisse

74 1655 175 1702 quae
218 1641 366 1686 minus
403 1638 549 1686 solida
588 1646 709 1693 sunt,
752 1639 992 1700 minusque
1028 1638 1082 1684 ad
1119 1637 1252 1684 finem
1291 1644 1408 1697 apta.
1459 1637 1516 1683 Ut

75 1718 191 1764 enim
218 1717 271 1762 ad
300 1717 412 1762 hanc
449 1716 790 1762 conclusionem
830 1715 1009 1762 tandem
1046 1714 1271 1768 deveniat,
1302 1714 1513 1759 interval-

74 1795 164 1841 lum
189 1795 520 1852 quinquaqinta
544 1795 726 1838 circiter
750 1807 972 1838 annorum
1008 1792 1062 1838 ab
1100 1791 1341 1852 Aphraatis
1365 1793 1513 1838 Homi-

73 1873 241 1917 liarum
267 1870 607 1930 conscriptione
634 1884 777 1929 usque
803 1869 856 1914 ad
883 1870 1026 1929 prima
1054 1870 1098 1915 S.
1125 1869 1350 1930 Ephraemi
1378 1882 1514 1929 opera

74 1948 290 1994 litteraria
316 1948 490 2008 lapsum
517 1960 637 1999 esse,
670 1947 785 1992 ultra
820 1946 914 1992 veri
951 1946 1020 1992 vel
1057 1946 1308 2007 probabilis
1345 1946 1513 1992 limites

73 2025 242 2085 saepius
284 2023 595 2084 progreditur,
637 2023 880 2083 aliquando
918 2023 962 2068 in
1002 2023 1266 2070 manifestos
1303 2023 1514 2085 impingit

73 2115 270 2154 errores,
317 2100 513 2160 denique
551 2100 893 2146 ratiocinatione
927 2114 1057 2160 aequo
1099 2100 1295 2161 longiori
1332 2107 1376 2147 et
1411 2100 1513 2147 ideo

74 2192 160 2224 non
189 2192 344 2238 parum
371 2178 576 2224 intricata
603 2177 759 2223 utitur.
790 2179 936 2224 Hasce
976 2178 1357 2238 reprehensiones
1376 2178 1513 2238 justae

73 2256 328 2302 severitatis
358 2255 537 2301 modum
565 2270 652 2302 non
681 2255 900 2301 excedere
927 2255 1139 2302 fatebitur
1174 2256 1382 2317 quisquis
1415 2256 1512 2316 ejus

74 2336 314 2393 Epistolam
355 2333 408 2379 ad
448 2335 650 2388 Josuam,
698 2333 823 2379 initio
862 2334 1102 2394 praesentis
1144 2335 1352 2394 opusculi
1397 2349 1509 2395 pra]-

74 2411 221 2465 fixam,
251 2417 419 2458 attenta
446 2420 593 2458 mente
619 2412 851 2473 relegerit.

141 2487 369 2549 lmprimis
411 2489 529 2535 enim
565 2488 686 2549 quod
723 2489 876 2549 ponit,
917 2489 1174 2550 Sapientem
1211 2490 1394 2536 Persam
1429 2504 1512 2550 per

72 2565 233 2627 viginti
265 2565 447 2612 circiter
482 2580 643 2621 annos,
679 2566 870 2627 proinde
905 2566 998 2613 sere
1032 2581 1056 2612 a
1089 2572 1292 2627 tempore
1327 2566 1509 2614 concilii

116 2732 164 2772 (1)
189 2731 262 2764 Vid.
283 2740 378 2774 sup...
400 2740 432 2774 p.
454 2732 494 2764 16
511 2739 611 2773 seqq.
