1737 2950
659 100 849 142 -203
907 123 955 130 -—

84 228 390 275 locutionibus
432 242 485 275 ex
531 230 665 274 Sacra
709 226 944 287 Scriptura
987 225 1240 285 desumptis
1285 225 1523 277 refertam,

81 305 286 366 exempla
311 305 445 352 etiam
472 311 517 351 et
542 310 807 366 argumenta
831 317 884 350 ex
911 302 1070 349 eodem
1110 302 1233 349 fonte
1260 302 1527 363 deprompta

79 381 249 443 ubique
296 382 628 443 deprehendet.
685 382 906 434 Demum,
964 379 1142 426 etiamsi
1199 379 1302 440 quis
1350 385 1529 439 putaret

79 461 321 519 Epistolam
363 460 418 506 ab
459 460 560 506 aliis
601 458 782 506 dicendi
826 457 968 504 forma
1010 457 1294 518 aliquatenus
1336 456 1522 510 distare,

79 536 187 597 quid
216 537 320 584 inde
340 536 442 597 jure
480 536 808 598 colligendum,
840 535 926 581 nisi
963 535 1119 596 plures
1157 534 1299 580 fuisse
1336 533 1526 579 transla-

77 614 230 660 tores?
258 614 388 671 Quod
415 620 581 668 tamen,
614 621 661 660 ut
691 613 796 660 alibi
831 613 921 674 jam
958 612 1376 666 animadvertimus,
1407 611 1527 658 nulla

77 705 270 753 prorsus
297 692 391 739 veri
419 692 573 753 specie
600 691 775 738 nititur.

147 769 382 816 Postremo
410 770 511 816 loco
539 769 627 815 duo
654 768 801 814 adhuc
827 768 993 829 allegat
1029 767 1178 814 editor
1216 768 1445 813 Romanus
1471 766 1524 812 ad

77 845 339 906 opinionem
369 860 494 892 suam
535 845 798 891 firmandam
831 862 838 890 :
869 846 1237 891 Dissertationem
1264 846 1365 891 XIV
1388 857 1523 905 syno-

75 922 221 970 dicam
257 937 380 977 esse,
417 937 564 984 neque
606 923 732 970 ullibi
771 929 1001 970 auctorem
1040 922 1301 983 Episcopali
1342 935 1525 967 munere

75 1000 302 1062 insignem
330 1001 544 1062 prodere.
577 1000 632 1047 At
666 1001 810 1061 prius,
841 1015 942 1047 cum
980 1000 1288 1047 certissimum
1328 999 1404 1051 sit,
1436 1013 1524 1045 non

74 1080 224 1127 obstat
248 1080 492 1141 quominus
528 1094 643 1125 unus
680 1079 930 1139 Aphraates
955 1080 1095 1126 totius
1132 1079 1296 1140 synodi
1340 1078 1521 1123 nomine

74 1158 316 1217 Epi-stolam
339 1157 544 1203 scribere
570 1157 786 1217 potuerit,
812 1170 1000 1217 eamque
1028 1163 1074 1203 ut
1100 1171 1224 1203 suam
1252 1156 1303 1202 ad
1331 1157 1522 1201 amicum

73 1235 176 1282 dein
215 1235 540 1281 transmittere.
587 1234 791 1281 Alterum
831 1242 1046 1296 quantum
1088 1236 1227 1281 distet
1268 1250 1290 1280 a
1333 1249 1439 1280 vero
1479 1235 1522 1279 in

72 1313 281 1374 opusculi
309 1313 452 1359 nostri
484 1319 611 1372 parte
639 1313 653 1356 Ι
681 1318 916 1359 ostensum
953 1320 1040 1365 est,
1073 1313 1146 1359 ubi
1183 1312 1437 1373 praesertim
1471 1327 1524 1358 ex

70 1392 267 1437 Homz'lz'a
291 1392 390 1437 XIV
417 1390 675 1450 Sapientem
704 1390 885 1436 Persam
919 1391 1199 1437 Praesulibus
1224 1403 1522 1436 annumeran-

71 1468 178 1514 dum
205 1482 309 1515 esse
335 1468 749 1515 demonstravimus
775 1467 842 1530 (ι).

139 1546 232 1592 Nec
259 1546 427 1592 desunt
454 1547 655 1592 rationes
683 1546 890 1606 positivae
918 1562 1018 1607 qum
1044 1547 1254 1593 evincant
1280 1547 1524 1604 Epistolam

70 1623 184 1670 hanc
227 1624 373 1670 eidem
419 1624 653 1684 scriptori,
703 1625 774 1670 cui
819 1625 1024 1685 reliquae,
1071 1624 1354 1671 tribuendam
1398 1637 1518 1668 esse.

70 1702 179 1746 Nam
224 1707 267 1747 et
311 1701 473 1748 ordine
519 1702 804 1762 alphabetico
848 1703 1071 1764 exigitur,
1119 1717 1251 1763 quem
1287 1717 1338 1748 ex
1376 1702 1522 1761 ipsius

69 1779 268 1825 auctoris
296 1780 580 1839 aliorumque
617 1780 881 1826 testimonio
920 1787 1098 1826 constat
1134 1794 1237 1826 esse
1275 1786 1519 1830 servatum,

68 1864 112 1903 et
162 1872 257 1903 eam
303 1864 461 1917 postea
506 1858 681 1917 pluries
726 1867 1048 1905 commemorat
1097 1860 1276 1919 sibique
1326 1859 1523 1904 vindicat

66 1933 334 1994 Aphraates.
368 1935 431 1979 Ex
471 1935 589 1980 locis
627 1936 838 1994 plurimis
873 1937 947 1982 ubi
988 1938 1058 1982 liic
1084 1937 1249 1983 asserit
1274 1950 1323 1982 se
1350 1936 1519 1981 littera-

67 2025 163 2056 rum
204 2012 369 2058 seriem
407 2019 613 2058 secutum
650 2027 752 2058 esse
788 2028 928 2073 pauca
968 2022 1184 2060 annotare
1228 2014 1436 2060 sufficiat.
1485 2013 1520 2057 A

69 2088 156 2134 tine
178 2091 516 2135 Dissertationis
541 2091 593 2135 de
614 2093 872 2149 pastoribus
914 2092 969 2138 de
991 2094 1197 2139 Homilz'z's
1220 2092 1364 2138 adhuc
1385 2091 1520 2137 editis

67 2168 307 2226 sequentia
330 2175 578 2214 occurrunt
603 2169 651 2227 (2)
684 2186 691 2214 :
725 2190 746 2211 α
774 2171 935 2216 Decem
975 2173 1015 2216 lii
1060 2174 1298 2217 Tractatns
1339 2172 1515 2223 breves,

67 2257 182 2310 quos
210 2243 291 2289 tibi
319 2245 578 2304 composui,
609 2246 684 2290 alii
716 2247 770 2292 ab
811 2248 911 2293 aliis
949 2249 1153 2308 quaedam
1193 2255 1451 2294 mutuantur
1476 2255 1519 2294 ct

65 2320 139 2365 alii
167 2320 268 2366 aliis
295 2322 573 2374 innituntur;
617 2324 708 2369 noli
749 2338 828 2370 eos
869 2325 1149 2386 disjungere.
1194 2326 1260 2370 Ab
1293 2327 1425 2384 olaph
1463 2326 1516 2371 ad

63 2398 160 2451 iud,
191 2399 341 2446 littera
368 2400 565 2446 litteram
594 2402 867 2462 excipiente,
900 2404 940 2447 in
971 2404 1214 2450 scribendo
1241 2418 1516 2464 progressus

110 2579 156 2617 (¹)
181 2577 264 2620 Pag.
284 2579 325 2610 87
343 2585 443 2620 seqq.

107 2643 153 2682 (Ξ)
181 2642 271 2677 Edit.
292 2643 457 2687 Wrigbt.,
479 2653 510 2686 p.
544 2641 556 2671 ὁ
590 2663 597 2670 .
