1737 2950
234 775 360 868 DE
434 774 681 865 VITA
763 773 881 865 ET
963 769 1461 866 SCRIPTIS

388 978 719 1024 APHRAATIS
748 977 1054 1024 SAPIENTIS
1083 978 1302 1024 PERSAE.

184 1281 453 1344 Georgium,
500 1281 697 1329 Arabum
734 1282 1031 1344 Episcopum,
1072 1283 1126 1329 de
1164 1282 1254 1328 vita
1298 1286 1341 1328 et
1385 1280 1573 1342 scriptis

118 1360 346 1421 Sapientis
379 1361 530 1407 Persae
560 1363 793 1420 proecipua
828 1362 1033 1421 quoedam
1075 1363 1226 1420 capita
1253 1358 1302 1422 (1)
1327 1360 1574 1421 agitantem

116 1438 352 1499 hucusque
371 1438 642 1485 audivimus.
666 1439 763 1484 Jam
787 1453 876 1500 quo
892 1439 1135 1486 certiorem
1157 1445 1290 1499 atque
1316 1438 1574 1484 uberiorem

116 1518 180 1564 rei
208 1523 375 1564 nostrae
401 1518 730 1579 cognitionem,
761 1518 908 1579 qualis
941 1534 963 1564 a
997 1518 1130 1564 nobis
1161 1518 1263 1577 jure
1297 1517 1458 1563 merito
1505 1531 1574 1562 re-

116 1595 326 1656 quiritur,
359 1595 646 1656 acquiramus
681 1609 1051 1656 promamusque,
1094 1610 1143 1641 ea
1176 1607 1367 1641 necesse
1398 1600 1467 1640 est
1506 1595 1572 1640 fu—

116 1673 213 1719 sius
248 1673 465 1734 persequi
509 1680 553 1719 et
596 1673 879 1734 diligentiori
926 1673 1128 1719 examine
1170 1672 1427 1733 expendere
1473 1686 1573 1732 quae

117 1764 254 1810 supra
299 1751 428 1796 allata
466 1756 587 1804 sunt,
628 1751 855 1811 simulque
895 1751 979 1796 alia
1014 1750 1069 1797 dc
1109 1750 1268 1797 eodem
1307 1754 1573 1810 argumento

115 1827 433 1888 undecumque
477 1828 668 1874 collecta
711 1828 779 1873 vel
826 1828 1047 1881 inserere,
1096 1828 1165 1874 vel
1207 1832 1483 1879 annectere;
1529 1832 1577 1873 ut

115 1904 251 1950 dubia
286 1897 581 1950 ab'induhiis
620 1904 955 1959 discernentes,
999 1919 1099 1965 qua:
1139 1905 1288 1950 minus
1326 1903 1472 1950 solida
1509 1905 1574 1950 vi—

115 1981 306 2028 deantur
332 1988 627 2042 seponenteS,
659 1996 758 2042 quae
786 1982 1020 2042 probanda
1043 1988 1147 2028 sunt
1172 1982 1318 2036 novis,
1346 1981 1385 2027 si
1407 1996 1574 2042 suppe-

116 2064 227 2111 tant,
259 2059 544 2120 argumentis
580 2058 920 2114 confirmantes,
963 2073 1064 2119 quae
1103 2059 1265 2105 desunt
1305 2059 1574 2119 supplentes

117 2149 200 2195 pro
228 2136 418 2190 viribus,
451 2136 560 2181 nihil
588 2137 850 2183 omittamus
879 2150 1034 2182 eorum
1062 2151 1162 2197 quae
1201 2136 1253 2182 ad
1293 2136 1427 2182 finem
1470 2151 1574 2182 nos-

117 2219 234 2260 trum
269 2214 584 2268 obtinendum,
623 2214 674 2260 ad
711 2214 950 2275 Aphraatis
988 2215 1167 2261 scilicet
1202 2214 1406 2261 notitiam
1448 2215 1575 2276 iuge-

119 2291 304 2337 rendam
332 2297 375 2337 ct
402 2292 723 2352 divulgandam
752 2292 1011 2338 conducere
1035 2298 1248 2353 possunt.

184 2368 328 2414 Porro
355 2375 403 2414 ut
423 2383 532 2415 suus
560 2369 724 2429 cuique
752 2369 816 2415 rei
841 2369 969 2415 locus
998 2369 1237 2423 tribuatur,
1269 2376 1329 2423 et,
1361 2369 1575 2415 omnibus

117 2450 223 2505 apto
249 2444 444 2506 digestis
472 2445 650 2499 ordine,
682 2446 867 2493 lectoris
896 2460 1024 2493 mens
1051 2447 1095 2492 in
1123 2446 1286 2493 iisdem
1314 2447 1575 2508 intelligen-

120 2520 192 2567 dis
218 2528 263 2567 et
288 2521 598 2580 dijudicandis
626 2523 788 2569 minori
817 2530 1031 2583 gravetur
1058 2524 1229 2577 labore,
1261 2524 1369 2577 imo,
1403 2524 1441 2570 si
1479 2523 1575 2570 fieri

169 2687 216 2726 (Ι)
242 2686 326 2721 Vide
345 2695 441 2729 sup..
463 2695 542 2730 pag.
567 2689 617 2720 Η.
