1737 2950
720 184 1020 228 ‚337-

134 311 332 366 auditor,
370 312 576 374 intellige
613 318 657 358 et
692 316 798 358 nota
837 327 845 357 :
882 310 920 357 si
954 324 1083 370 spem
1117 311 1236 357 Deus
1271 310 1471 356 relictam
1506 325 1586 358 vo-

135 389 299 437 luisset
325 389 536 436 Sodomae
562 395 606 436 et
632 388 822 435 urbibus
849 401 950 448 quae
976 386 1080 433 huic
1115 386 1253 433 sociae
1287 394 1431 439 erant,
1463 387 1585 447 ipsas

139 480 228 513 non
252 466 358 528 igne
379 473 423 512 et
449 466 686 527 sulphure,
712 479 812 526 quae
834 463 964 525 signa
984 469 1091 509 sunt
1109 462 1200 508 diei
1221 463 1389 509 ultima}
1410 462 1584 517 mundi,

139 543 524 604 consumpsisset,
560 556 717 589 verum
749 541 931 588 easdem
969 540 1011 585 in
1045 554 1203 586 manus
1237 539 1428 598 alicujus
1464 541 1587 599 rogis

139 621 430 682 castigandas
465 620 747 667 tradidisset.
790 620 854 665 Ita
889 619 1028 672 enim,
1059 618 1176 664 utin
1215 618 1448 678 Scriptura
1476 617 1589 677 legi-

140 712 257 753 mus,
293 698 473 759 quando
504 698 726 744 Jeremias
759 696 973 757 poculum
1020 695 1188 741 furoris
1232 695 1415 755 populis
1455 700 1589 754 atquc

139 775 297 837 regnis
346 776 629 836 propinavit,
683 774 933 827 Dominus,
981 773 1037 819 de
1086 773 1282 834 singulis
1332 772 1592 818 civitatibus

141 866 300 914 agens,
336 853 566 913 promisit,
603 866 740 912 quum
775 850 961 897 calicem
997 850 1085 896 illae
1122 849 1366 902 ebiberint,
1403 850 1536 894 finem
1572 863 1595 893 a

142 943 192 976 se
227 929 490 990 impositum
529 929 583 974 iri
622 927 871 988 captivitati
910 926 1178 987 Elymaidis,
1221 926 1345 986 Tyri,
1394 925 1595 981 Sidonis,

144 1006 339 1052 tiliorum
389 1007 580 1052 Ammon
624 1012 668 1051 et
711 1005 858 1051 Moab.
901 1005 956 1049 Et
997 1004 1052 1050 de
1095 1017 1372 1063 unoquoque
1411 1018 1462 1049 cx
1508 1004 1598 1048 illis

143 1083 301 1144 regnis
327 1083 441 1128 dixit
471 1099 478 1127 :
511 1083 563 1127 In
588 1081 678 1143 fine
715 1080 893 1127 dierum
933 1083 1130 1139 captivos
1156 1082 1252 1138 ejus
1289 1081 1501 1125 reducam
1529 1082 1594 1139 (1).

145 1160 274 1207 Unde
310 1160 519 1206 videmus
563 1160 728 1219 Tyrum
773 1158 1027 1204 restitutam
1073 1164 1115 1203 et
1155 1157 1287 1203 bonis
1322 1157 1596 1210 affluentem,

146 1242 405 1297 postquam,
437 1235 567 1280 annis
596 1234 655 1279 70
678 1234 897 1280 oblivioni
928 1234 1107 1286 tradita,
1140 1247 1317 1292 poenam
1346 1238 1602 1292 quaestuum

147 1327 333 1360 suorum
376 1312 572 1358 exsolvit
614 1318 658 1358 et
693 1311 735 1356 in
768 1310 982 1357 omnibus
1028 1311 1184 1371 regnis
1228 1309 1445 1355 fornicata
1484 1315 1553 1355 est
1590 1326 1597 1353 :

146 1391 362 1437 citharam
390 1389 587 1448 sumpsit
613 1389 839 1448 docteque
876 1387 1092 1447 pulsavit,
1124 1393 1304 1432 cautum
1343 1386 1602 1445 frequenta-

147 1469 211 1514 vit
235 1470 302 1528 (a).
335 1466 502 1513 Incolis
538 1466 671 1512 etiam
705 1473 748 1512 et
780 1465 914 1511 bonis
948 1464 1143 1510 abundat
1180 1463 1393 1524 Elymais.
1427 1464 1490 1509 De
1521 1463 1602 1508 Ba-

147 1543 311 1605 bylone
359 1556 466 1588 vero
515 1542 626 1587 dixit
674 1540 895 1587 Jeremias
933 1539 981 1601 (3)
1037 1556 1043 1583 ;
1099 1540 1236 1585 Cadet
1284 1540 1484 1599 Babylon
1524 1551 1603 1583 nee

147 1627 402 1682 eonsurqet.
433 1619 487 1664 Et
513 1631 673 1678 reapse
699 1617 860 1663 civitas
883 1617 967 1662 ista
991 1616 1034 1660 in
1057 1616 1265 1661 vastitate
1292 1615 1437 1660 adhuc
1457 1621 1605 1660 manet

148 1703 192 1742 et
217 1702 440 1757 perpetuo
467 1694 683 1740 manebit.
716 1695 779 1740 De
814 1693 1130 1752 Hierosolyma
1166 1705 1349 1751 quoque
1382 1692 1603 1751 scriptum

148 1779 218 1819 est
243 1771 291 1835 (4)
321 1789 329 1818 :
360 1772 528 1818 Cecidit
553 1785 633 1816 nee
658 1778 863 1828 resarqet
890 1772 1011 1828 virgo
1036 1770 1239 1814 Israeli&
1280 1771 1438 1813 ,laeena
1476 1766 1603 1812 humi

147 1850 363 1896 derelicta
399 1855 487 1902 σωκ
527 1860 652 1892 nemo
687 1854 751 1891 est
783 1847 862 1904 qui
894 1843 1040 1903 ipsam
1075 1847 1236 1902 erigat.
1269 1844 1398 1899 Quod
1427 1843 1462 1889 si
1499 1857 1603 1888 vera

149 1932 219 1972 est
243 1924 484 1986 prophetia
511 1937 643 1983 quarn
663 1922 884 1968 Jeremias
907 1921 947 1965 in
972 1920 1248 1981 Babylonem
1270 1919 1430 1973 edidit,
1448 1933 1602 1964 verum

150 2002 284 2049 etiam
312 2007 383 2047 est
408 2006 542 2060 atque
570 1999 657 2045 fide
691 1999 878 2060 dignum
913 1997 1033 2058 quod
1061 1998 1116 2042 de
1145 1996 1461 2056 Hierosolyma
1488 2010 1602 2056 prae·

151 2079 323 2125 dictum
349 2077 448 2123 suit.
483 2076 738 2122 Promissio
765 2082 912 2120 autem
939 2074 993 2119 ab
1022 2074 1134 2119 lsaia
1161 2073 1213 2118 ad
1243 2072 1605 2132 Hierosolymam

151 2155 325 2201 directa
349 2152 395 2215 (5)
426 2170 433 2199 ;
467 2155 678 2212 Deinceps
705 2154 785 2198 tibi
811 2166 898 2197 non
926 2153 1104 2196 irascar
1123 2163 1264 2208 neque
1283 2157 1324 2194 te
1350 2149 1601 2206 increpabo,

151 2230 267 2277 haud
306 2231 497 2277 mendax
535 2237 604 2276 est
636 2246 643 2274 :
684 2228 855 2275 civitati
896 2242 984 2274 non
1027 2228 1250 2272 irascetur
1285 2226 1421 2277 Deus,
1459 2238 1605 2284 neque

198 2380 244 2419 (t)
270 2380 346 2414 Vid.
367 2382 498 2414 Jerem.
520 2381 615 2418 XXV,
640 2382 679 2413 ¹5
696 2388 814 2422 seqq„
834 2379 916 2414 coll.
936 2379 1082 2418 XLVlll,
1100 2380 1156 2418 ⁴7,
1174 2383 1208 2411 et
1227 2378 1339 2410 Xle.
1360 2378 1393 2415 6,
1410 2376 1466 2408 39.

193 2435 244 2475 (Ξ)
267 2434 403 2469 Allusio
428 2439 483 2468 est.
508 2434 553 2467 ad
581 2435 689 2468 verba
719 2435 836 2473 lsaioe,
865 2435 983 2473 ΧΧΙΙΙ,
1007 2435 1046 2466 15
1071 2441 1190 2475 seqq..
1218 2431 1352 2474 quibus
1378 2432 1609 2471 comparatur

153 2491 279 2532 Tyrus,
301 2489 433 2532 opibus
458 2492 494 2522 et
519 2488 714 2531 splendore
740 2488 991 2526 reflorescens.
1021 2486 1216 2526 meretrici,
1247 2493 1327 2528 quae
1357 2493 1419 2526 per
1447 2483 1546 2516 vicos
1572 2486 1607 2516 et

155 2543 291 2586 plateas
308 2542 492 2582 discurrit,
511 2546 720 2583 proeparala
739 2543 785 2575 ad
803 2543 999 2583 capiendas
1017 2542 1174 2575 animas.

198 2599 247 2638 (3)
271 2599 393 2631 Jerem
430 2598 557 2637 L1,64.

201 2654 251 2694 (4)
275 2656 384 2686 Amos
404 2654 442 2691 V,
462 2653 495 2686 Ξ.

198 2709 248 2749 (ὃ)
273 2709 321 2741 ls.
343 2709 426 2746 LlV,
445 2708 478 2740 9.
