1737 2950
666 153 964 196 —221—

83 284 170 325 est.
213 277 324 325 ltem
360 278 579 325 instruam
619 286 661 326 te
687 279 743 326 de
768 280 854 327 alia
887 293 935 326 re
970 293 1104 340 quam
1142 279 1416 340 quaesivisti,
1459 294 1539 325 cur

84 369 247 416 nempe
283 355 512 415 justorum
557 371 718 417 preces
762 371 880 404 nunc
922 357 1145 404 exauditae
1187 372 1210 403 a
1251 358 1370 411 Deo,
1418 370 1537 403 nunc

81 432 262 492 rejectae
302 432 486 479 fuerint.
530 434 716 481 Demum
760 434 1016 481 describam
1063 434 1144 480 tibi
1188 448 1331 480 annos
1371 435 1537 480 unius·

82 509 304 571 cujusque
329 511 533 571 priorum
559 512 924 572 generationum,
956 526 1101 572 usque
1138 512 1192 558 ad
1230 526 1327 559 eam
1360 518 1536 559 aetatem

82 602 170 649 qua
210 588 496 650 Jerosolyma
532 597 702 636 vastata
737 596 807 636 est
843 596 886 636 et
923 590 1068 651 gratia
1107 590 1186 636 Dei
1230 590 1447 650 spoliata:,
1494 596 1538 636 et

81 665 319 712 ostendam
364 680 450 727 qua
496 667 806 713 sollicitudine
844 667 957 726 justi
1005 667 1373 713 benedictionem
1421 682 1444 713 a
1488 681 1539 713 se

82 741 354 790 defluentem
381 744 703 798 custodierint,
734 744 881 791 donec
917 758 1000 805 per
1037 743 1266 790 Christum
1294 745 1347 789 ad
1375 750 1538 805 gentes

81 819 378 868 derivaretur.
410 840 432 862 »
458 848 518 855 —-
539 822 676 868 Vides
702 821 745 867 in
775 822 901 868 hisce
928 822 1043 868 locis
1069 836 1330 869 sermonem
1358 821 1455 868 fieri
1483 822 1539 868 de

81 898 288 959 quaesitis
314 913 507 959 quorum
534 900 578 944 in
604 901 804 958 Epistola
830 914 966 961 pagg.
996 898 1057 946 68
1083 907 1127 946 et
1155 899 1214 946 69
1243 901 1428 947 recitata
1456 914 1538 947 nec

80 977 324 1038 vestigium
353 991 435 1024 nec
460 978 606 1024 volam
633 978 836 1038 reperire
858 984 944 1025 est.

147 1055 303 1115 Neque
331 1061 477 1101 tamen
505 1069 558 1101 ex
584 1055 863 1102 testimoniis
889 1055 1098 1102 adductis
1136 1056 1330 1116 aliisque
1375 1056 1537 1102 simili-

80 1130 165 1178 bus
192 1131 347 1178 licebit
372 1132 590 1178 continuo
625 1132 808 1186 inferre,
839 1132 1112 1193 Aphraatem
1150 1133 1203 1178 ad
1244 1133 1538 1180 scribendum

82 1208 264 1254 nonnisi
291 1208 423 1254 amici
464 1209 901 1270 interrogationibus
941 1209 1176 1255 inductum
1217 1224 1337 1263 esse,
1380 1211 1449 1256 vel
1489 1225 1540 1257 ea

82 1291 253 1332 tantum
279 1286 547 1334 tractavisse
573 1286 629 1332 de
668 1287 835 1346 quibus
874 1293 1029 1348 rogata
1070 1287 1295 1333 sententia
1333 1287 1494 1334 fuisset
1526 1305 1532 1333 :

82 1362 181 1423 ipse
208 1363 327 1410 enim
354 1363 469 1409 haud
498 1364 638 1410 semel
677 1370 869 1410 testatur
904 1364 1025 1409 varia
1051 1378 1074 1409 a
1100 1378 1149 1410 se
1175 1370 1341 1424 praeter
1377 1365 1537 1411 scisci-

81 1439 219 1486 tantis
256 1439 535 1487 desiderium
574 1447 617 1487 et
656 1441 1009 1500 postulationem
1051 1441 1249 1501 proponi
1289 1448 1424 1502 atque
1461 1457 1537 1488 ex-

81 1517 255 1578 plicari.
303 1518 397 1564 lmo
440 1518 652 1578 maj0rem
698 1520 1080 1564 Dissertationum
1125 1525 1299 1579 partem
1350 1533 1438 1565 non
1482 1520 1536 1565 ad

81 1609 252 1642 morem
290 1595 424 1642 alicui
463 1596 634 1656 petenti
669 1595 938 1657 gerendum,
988 1596 1071 1642 sed
1109 1596 1340 1657 praecipue
1378 1597 1536 1642 saltem

80 1679 270 1733 propter
294 1679 547 1733 praesentes
572 1673 642 1719 vel
672 1673 959 1718 imminentes
987 1674 1212 1733 temporis
1239 1674 1536 1720 necessitates

79 1756 155 1795 aut
197 1764 251 1796 ex
293 1750 551 1810 polemico,
600 1764 733 1810 quem
774 1750 928 1803 aiunt,
974 1750 1062 1796 fine
1106 1751 1272 1798 editam
1315 1765 1435 1804 esse,
1483 1766 1536 1798 ex

81 1828 265 1874 indiciis
291 1828 554 1874 intrinsecis
580 1829 736 1888 colligi
762 1842 901 1887 posse
929 1829 1198 1889 putaverim.
1226 1829 1355 1885 Quod
1380 1843 1534 1875 verum

81 1905 259 1952 videtur
296 1911 388 1950 tum
426 1905 481 1951 de
518 1906 711 1950 Homilz‘a
752 1906 798 1957 V,
841 1912 934 1950 tum
971 1905 1025 1950 de
1062 1907 1270 1951 Homiliis
1307 1907 1530 1961 XI-XXII,

82 1997 171 2029 non
198 1983 344 2028 solum
382 1983 487 2042 quia
512 1983 556 2027 in
586 1983 655 2028 his
694 1982 911 2028 tredecim
950 1983 1359 2038 lucubrationibus,
1400 1999 1534 2032 secus

80 2074 132 2107 ac
175 2061 218 2105 in
261 2060 480 2121 reliquis,
535 2061 640 2107 licet
682 2067 839 2107 auctor
882 2062 982 2122 ipse
1024 2063 1293 2123 plerumque
1342 2078 1532 2124 scopum

80 2138 285 2198 assignet
309 2152 443 2198 quem
471 2139 783 2198 prosequitur,
816 2139 937 2184 nulla
977 2140 1177 2185 occurrit
1207 2140 1534 2201 cujuscumque

81 2214 259 2274 quaesiti
299 2215 486 2269 mentio,
517 2215 597 2260 sed
624 2215 757 2261 etiam
785 2215 891 2275 quia
919 2216 962 2260 in
991 2216 1172 2269 iisdem,
1203 2216 1241 2262 si
1266 2217 1531 2277 vigesimam

81 2297 125 2336 et
150 2290 413 2351 vigesimam
440 2291 684 2337 secundam
718 2292 940 2352 excipias.
973 2293 1210 2353 conceptis
1236 2294 1388 2339 verbis
1416 2294 1528 2339 indi-

81 2373 208 2413 catur
231 2367 315 2413 alia
340 2368 572 2414 scribendi
599 2371 799 2423 occasio,
844 2369 1069 2429 imprimis
1090 2370 1350 2416 Judaeorum
1386 2372 1531 2432 impu-

82 2445 339 2504 gnationes,
363 2459 475 2505 quas
501 2452 765 2506 retorquere
791 2453 926 2507 atque
955 2447 1163 2494 refellere
1185 2462 1374 2495 necesse
1395 2449 1525 2496 foret.

149 2521 204 2567 Et
239 2535 347 2567 sane
382 2528 552 2568 tantum
588 2523 716 2569 abest
753 2531 799 2570 ut
837 2525 1085 2582 Epis-totam
1125 2524 1248 2580 XIV,
1290 2540 1331 2572 v.
1373 2540 1441 2586 g.,
1476 2528 1530 2572 ad

83 2599 395 2645 consulentem
439 2601 732 2660 rescripserit
769 2601 961 2662 Sapiens
997 2603 1152 2657 Persa,
1195 2610 1242 2649 ut
1277 2617 1361 2650 nec
1398 2604 1530 2650 alicui

85 2677 302 2737 singulari
330 2691 538 2736 personae
562 2678 717 2723 eadem
745 2679 940 2738 primum
967 2680 1189 2726 destinata
1218 2681 1366 2727 suerit.
1402 2682 1528 2727 Unde
