1737 2950
754 133 1047 175 -202-

179 261 527 306 illuminatorem
555 262 737 306 missam
761 273 871 305 esse.
904 260 965 304 De
992 259 1090 318 ejus
1121 258 1298 319 origine
1323 271 1377 304 ex
1401 256 1613 317 professo

179 338 359 399 quidem
395 351 483 384 non
518 337 703 398 quaerit;
752 337 831 383 sed
875 335 1114 396 perspicue
1155 334 1375 396 supponit
1407 333 1614 381 eumdem

179 428 280 461 esse
307 414 383 474 qui
408 421 452 460 et
476 414 589 460 hanc
625 420 669 460 et
704 413 814 459 alias
851 414 1070 472 Epistolas
1107 412 1318 459 exaravit.
1351 410 1469 468 Quid
1495 409 1613 456 enim

178 491 264 538 sibi
291 491 464 545 volunt,
495 490 580 536 nisi
620 490 732 536 hanc
768 489 968 536 auctoris
1005 489 1220 535 unitatem
1246 488 1366 534 clare
1391 486 1610 542 indicent,

179 583 278 628 quae
313 569 357 613 in
390 567 651 615 testimonio
688 568 820 613 allato
858 567 926 613 sic
963 568 1174 629 leguntur
1209 583 1219 613 ε
1262 585 1284 608 «
1314 567 1478 613 Tamen
1511 565 1616 626 quia

179 651 249 691 est
273 659 423 692 sermo
461 645 610 706 magni
636 644 739 698 viri,
769 658 858 690 non
885 644 1062 691 aestimo
1088 658 1190 691 esse
1216 643 1392 698 inutile,
1432 642 1471 689 si
1507 641 1614 689 sub-

172 723 387 782 jungatur
409 727 514 782 post
540 723 763 780 Epistolas
800 735 911 780 quas
948 721 1002 766 ad
1042 719 1421 782 interrogationes
1448 719 1615 766 Illumi-

181 799 350 844 natoris
399 798 540 844 nostri
590 797 854 858 rescripsit?
881 816 902 838 »
954 797 1212 851 Undenam,
1264 809 1440 857 quaeso,
1491 795 1617 843 novit

179 875 483 929 amanuensis,
512 871 762 921 Sermonem
786 889 880 920 esse
917 877 1068 933 maqm'
1094 876 1197 934 viri,
1228 873 1316 920 nisi
1342 873 1415 920 hic
1439 886 1493 920 ex
1518 873 1615 933 ejus

181 959 328 998 mente
353 953 413 998 sit
438 952 484 998 S.
512 953 709 998 Jacobus
735 951 1010 998 Nisibenus?
1046 952 1110 998 De
1147 952 1230 997 hac
1265 956 1411 997 autem
1443 949 1614 996 librarii

179 1030 474 1089 persuasione
518 1042 573 1074 ne
615 1029 848 1074 minimum
897 1028 1078 1089 quidem
1127 1028 1314 1074 dubium
1354 1026 1617 1088 relinquunt

179 1120 279 1166 quae
305 1106 456 1151 statim
482 1105 637 1151 subdit
667 1122 674 1150 ς
707 1125 729 1146 α
754 1106 854 1151 Non
884 1105 1060 1152 aestimo
1087 1119 1190 1151 esse
1217 1105 1393 1158 inutile,
1432 1104 1471 1150 si
1508 1104 1614 1150 sub-

172 1183 388 1242 jungatur
412 1188 517 1242 post
541 1184 761 1241 Epistolas
786 1196 898 1242 quas
934 1181 989 1227 ad
1027 1181 1407 1242 interrogationes
1445 1181 1615 1227 Illumi-

179 1260 350 1305 natoris
384 1260 528 1306 nostri
564 1259 819 1320 rescripsit.
859 1278 880 1300 >³
920 1260 1036 1305 Sane
1073 1273 1125 1305 ex
1160 1259 1339 1319 integro
1371 1259 1614 1319 pericopes

179 1343 336 1383 tenore
378 1344 422 1383 et
463 1337 754 1397 grammatica
796 1343 1021 1383 structura
1059 1350 1249 1394 maqnus
1289 1337 1366 1381 ille
1407 1338 1493 1390 vir,
1537 1336 1615 1396 qui

177 1416 427 1460 Sermonem
472 1415 588 1460 hunc
634 1413 907 1473 composuit,
950 1413 1067 1459 idem
1104 1419 1174 1459 est
1209 1427 1310 1459 cum
1352 1419 1615 1459 caeterarum

178 1495 480 1551 Epistolarum
505 1493 747 1552 scriptore.
774 1493 882 1548 Quae
902 1506 1002 1538 cum
1030 1492 1087 1537 ita
1113 1505 1162 1538 se
1189 1491 1397 1546 habeant,
1424 1505 1615 1551 quanam

179 1570 355 1617 tandem
399 1570 533 1615 animi
569 1569 852 1615 aberratione
894 1583 946 1615 co
981 1568 1251 1616 Antonellus
1287 1568 1500 1615 devenire
1534 1582 1614 1629 po-

180 1647 328 1702 tuerit,
368 1653 415 1693 ut
451 1653 684 1692 auctorum
721 1645 1030 1692 diversitatem
1067 1659 1118 1691 cx
1158 1644 1327 1690 librarii
1353 1645 1614 1692 testimonio

179 1726 333 1785 colligi
383 1732 578 1786 putaret,
627 1725 726 1784 ipse
769 1724 933 1769 videat.
982 1724 1124 1769 Nobis
1172 1724 1283 1769 satis
1330 1728 1418 1777 est,
1469 1723 1616 1769 omnia

181 1802 567 1862 interpretationis
594 1801 864 1846 adminicula
902 1801 997 1859 ejus
1033 1800 1275 1847 assertioni
1301 1800 1361 1846 ita
1385 1799 1616 1846 evidenter

180 1894 461 1940 repugnare,
514 1886 559 1924 ut
607 1878 967 1939 propositionem
1018 1877 1286 1924 contrariam
1335 1876 1613 1924 manifestam

179 1957 383 2002 reddant.

247 2034 408 2078 Stilum
435 2040 478 2078 et
506 2033 686 2078 modum
715 2032 962 2085 scribendi,
993 2033 1078 2085 vel,
1111 2039 1156 2078 ut
1181 2032 1349 2078 rectius
1374 2031 1614 2077 dicendum

181 2120 266 2165 cst,
298 2113 499 2159 vertendi
536 2113 765 2172 archetypi
806 2111 994 2172 Syriaci,
1025 2111 1067 2155 in
1096 2112 1174 2156 hac
1199 2110 1391 2155 Homilia
1424 2123 1614 2169 prorsus

181 2190 386 2236 cumdem
414 2202 516 2234 esse
543 2195 676 2248 atque
704 2189 746 2233 in
774 2189 961 2249 reliquis
982 2193 1171 2233 testatur
1191 2185 1449 2233 cl.Sassius
1468 2184 1534 2249 (1).
1560 2187 1615 2233 Et

181 2268 383 2327 profecto
409 2267 681 2326 quicumque
708 2267 827 2312 illam
849 2271 1016 2312 attenta
1036 2271 1184 2311 mente
1209 2264 1386 2325 legerit,
1410 2264 1614 2325 quamvis

180 2344 372 2404 aliquam
400 2343 594 2389 inveniat
619 2343 985 2403 discrepantiam,
1017 2342 1162 2402 qualis
1199 2355 1250 2387 ex
1287 2340 1484 2386 materiae
1519 2340 1612 2386 dis-

182 2420 478 2467 similitudine
533 2419 792 2465 necessario
849 2418 1030 2479 prodit,
1090 2417 1382 2464 nihilominus
1435 2417 1612 2464 solitam

181 2497 419 2556 Aphraatis
465 2495 506 2541 in
551 2495 860 2542 ratiocinando
902 2495 1183 2549 methodum,
1227 2494 1475 2542 orationem
1515 2494 1612 2554 ejus

224 2671 272 2709 (1)
299 2670 362 2710 Op.
384 2670 513 2709 soem'us
531 2669 588 2702 cit.
613 2678 647 2711 p.
667 2670 718 2702 ¹3.
