1737 2950
642 112 937 155 ..197-

131 240 176 289 2.
204 240 407 288 Alterum
435 240 649 287 indicium
684 253 737 286 ex
771 253 824 286 eo
860 239 1030 300 prodit,
1061 238 1181 300 quod
1219 239 1261 284 in
1295 239 1507 286 omnibus

37 319 41 324 “
66 320 192 367 hisce
215 320 420 367 Homilz‘is
458 338 480 360 «
507 319 627 365 nulla
653 318 737 364 alia
763 317 1021 365 testimonia
1050 323 1094 364 et
1119 318 1340 378 exempla,
1371 318 1459 364 nisi
1486 332 1510 365 e

66 397 218 444 Sacris
252 395 502 457 Scripturis
540 395 804 456 desumpta,
841 393 1138 449 adducantur,
1180 394 1256 455 qui
1294 408 1391 441 mos
1428 395 1511 441 fuit

63 483 266 522 veterum
292 474 518 535 primaevae
545 473 765 520 Ecclesiae
791 474 972 519 Patrum
997 476 1060 534 (1).
1093 492 1114 513 »

131 551 178 599 3.
206 551 423 613 Arguitur
448 551 612 597 deinde
646 570 666 591 «
694 564 747 596 ex
785 550 1036 597 haeresibus
1075 563 1320 610 earumque
1354 556 1509 596 aucto-

65 630 207 684 ribus,
244 628 320 690 qui
355 628 425 675 vel
462 629 506 674 in
540 629 824 675 Sermonibus
859 632 1180 681 memorantur,
1223 627 1292 673 vel
1319 642 1511 688 quorum

64 709 184 755 nulla
227 708 271 754 in
312 708 381 754 his
426 708 474 753 fit
519 708 704 754 mentio.
738 705 794 754 Et
819 707 1002 768 quidem
1042 707 1084 751 in
1110 707 1316 752 Sermone
1342 708 1416 759 IV,
1458 707 1511 752 de

55 790 249 848 jejunio,
301 794 395 834 tres
439 793 575 834 sectae
625 786 940 833 haereticorum
990 791 1299 838 recensentur,
1352 798 1512 845 nempe

65 865 448 917 Marcionitarum‚
479 865 893 911 Valentinianorum
927 870 969 910 et
1006 863 1354 910 Manichaeorum
1365 901 1507 910 .......

67 945 237 990 Praeter
263 943 346 989 bos
373 948 536 995 autem,
560 942 693 988 nulla}
719 942 816 987 alite
843 947 997 1001 pestes
1023 960 1044 982 »
1072 941 1247 1001 uspiam
1277 941 1510 987 nominan-

66 1028 154 1068 tur.
196 1020 346 1066 Altum
387 1019 617 1066 silentium
662 1025 883 1073 servatur,
932 1034 972 1064 v.
1012 1033 1080 1079 g.,
1120 1018 1175 1064 de
1214 1018 1509 1079 Origenistis,

65 1099 262 1152 Arianis,
292 1097 579 1144 Nestorianis
607 1104 648 1143 et
679 1096 972 1157 Eutychianis
999 1106 1064 1154 (2⁴).

132 1175 179 1223 4.
209 1176 461 1222 Adducitur
495 1183 705 1236 tanquam
743 1177 829 1221 huc
867 1175 1035 1222 faciens
1063 1183 1106 1221 et
1133 1196 1154 1217 ε(
1184 1176 1334 1222 versio
1362 1176 1510 1222 Sacrae

67 1254 314 1314 Scripturae
341 1253 551 1306 Armena,
575 1267 676 1313 quae
698 1253 741 1297 in
764 1253 934 1299 nostris
961 1254 1243 1298 sermonibus
1270 1253 1510 1306 habetur-0>

67 1339 111 1379 et
139 1346 256 1392 quae,
287 1346 388 1378 cum
415 1331 490 1384 sit,
517 1330 671 1389 judice
705 1330 964 1385 Antonello‚
996 1331 1223 1391 antiquior
1257 1331 1331 1377 illa
1370 1338 1513 1376 trans·

68 1409 234 1455 latione
273 1423 361 1469 qua
394 1409 531 1468 vulgo
570 1414 755 1454 utuntur
792 1408 1000 1463 Armeni,
1040 1415 1242 1469 tempora
1277 1408 1515 1469 praecessit

67 1486 248 1533 Arcadii
276 1486 564 1547 imperatoris
589 1492 633 1532 et
659 1486 705 1532 S.
735 1486 923 1532 Joannis
951 1486 1264 1548 Chrysostomi
1292 1489 1356 1546 (3).

136 1564 179 1610 5.
215 1564 385 1610 Jacobo
421 1563 640 1609 Nisibeno
684 1563 832 1609 favent
875 1578 924 1610 ea
967 1578 1083 1624 qum,
1131 1565 1173 1609 in
1213 1565 1419 1610 Homilz'z‘s
1461 1564 1515 1610 de

68 1642 309 1693 charitate,
337 1641 390 1685 de
428 1642 653 1686 vocatione
688 1642 891 1700 gentium
927 1649 968 1686 et
1000 1643 1306 1700 reprobatione
1341 1642 1513 1687 Judoeo-

69 1734 189 1772 rum,
219 1720 272 1764 de
301 1719 468 1764 Christi
494 1719 752 1771 divinitate,
793 1719 1055 1771 ostendunt,
1103 1740 1125 1760 κ
1148 1725 1378 1766 auctorem
1412 1721 1514 1765 Ser-

70 1811 248 1842 monum
276 1797 423 1856 ipsum
450 1796 533 1853 (vel
561 1802 684 1841 certe
711 1796 808 1855 ejus
835 1802 1077 1856 parentes),
1103 1811 1263 1843 recens
1290 1811 1342 1843 ex
1369 1796 1514 1843 idolo-

72 1889 168 1920 rum
212 1874 445 1920 erroribus
491 1873 543 1918 ad
594 1873 894 1919 Christianam
941 1875 1173 1920 veritatem
1225 1888 1512 1928 conversum,

71 1951 232 2012 primis
259 1950 476 1997 Ecclesiae
503 1951 685 1996 saeculis
713 1951 903 2005 vixisse;
935 1952 1099 2013 quibus
1121 1959 1163 1999 et
1191 1952 1220 1998 ii
1246 1952 1517 2013 quibuscum

73 2043 328 2076 sermonem
379 2028 590 2081 habebat,
642 2028 832 2088 perinde
879 2043 929 2075 ac
979 2030 1094 2090 ipse,
1148 2044 1201 2076 ex
1250 2030 1517 2077 idololatriae

73 2106 274 2154 tenebris
301 2105 354 2152 ad
381 2105 648 2152 catholicam
676 2106 821 2152 lucem
848 2114 1061 2153 venerant
1087 2106 1153 2167 (4).
1181 2127 1202 2148 »

141 2184 186 2230 6.
218 2205 240 2225 «
263 2184 330 2229 Ad
354 2184 450 2230 haec
476 2191 623 2230 autem
651 2184 761 2230 illud
792 2199 973 2246 quoque
1008 2186 1235 2246 adjicitur,
1266 2186 1387 2247 quod
1414 2185 1519 2232 vitia

74 2278 175 2325 quae
201 2263 242 2308 in
269 2263 552 2309 Set-monibus
577 2263 990 2322 reprehenduntur,
1031 2265 1214 2325 propria
1247 2265 1340 2311 sint
1364 2277 1518 2310 eorum

76 2347 328 2400 temporum
355 2338 522 2399 quibus
560 2339 678 2385 inter
710 2341 924 2388 mortales
956 2341 1002 2387 S.
1032 2341 1229 2388 Jacobus
1254 2341 1389 2388 vitam
1415 2355 1519 2402 age-

120 2507 170 2547 (1)
195 2506 261 2547 op.
280 2510 314 2540 et
327 2507 391 2540 loc.
407 2506 483 2540 citt.

120 2561 168 2601 (2)
194 2559 300 2601 ibid..
321 2569 356 2604 p.
379 2559 420 2594 ¹2
438 2568 514 2602 seo.

121 2619 170 2659 (3)
197 2617 301 2657 thid,
322 2627 356 2660 p.
378 2618 419 2651 ¹3
437 2625 515 2660 seq.

122 2673 170 2712 (Δ)
197 2672 303 2712 ibid,
320 2681 354 2715 p.
375 2673 415 2705 Η
439 2679 514 2714 seq.
