1737 2950
722 183 996 225 -ῃ-

134 307 414 368 respondere
434 306 871 366 interrogationibus
895 306 986 351 tuis
1011 304 1066 351 ad
1093 318 1163 351 me
1184 305 1391 352 directis.
1419 306 1583 361 Quam-

134 398 267 445 quam
291 383 578 444 propositum
610 387 680 428 est
716 381 945 442 praecipua
983 386 1153 427 tantum
1192 381 1340 441 capita
1377 381 1583 441 quaedam

131 459 187 507 de
207 473 475 520 unaquaque
502 472 554 504 ex
576 458 735 504 ordine
751 458 940 519 agitare,
967 471 1039 511 ne,
1067 458 1107 504 si
1128 458 1277 504 omnia
1299 458 1583 518 singularum

131 537 436 598 quaestionum
467 543 641 582 tuarum
669 535 822 589 verba,
853 540 988 595 prout
1015 534 1189 594 jacent,
1220 534 1498 595 expendero,
1529 533 1583 578 ad

132 613 295 659 molem
323 627 529 673 magnam
556 618 791 658 excrescat
817 612 962 657 oratio
983 617 1027 657 et
1048 611 1212 658 exinde
1234 616 1422 670 propter
1448 610 1584 656 satie-

131 695 266 737 tatem
316 690 488 735 nullum
537 688 681 749 pariat
730 688 1132 734 oblectamentum.
1185 689 1350 732 «Nam
1399 693 1442 733 et
1489 687 1585 732 baec

133 766 399 813 excellentia
428 766 470 810 in
498 779 709 812 sermone
736 764 1002 810 naturaliter
1028 763 1293 824 requiritur,
1323 783 1345 804 ›>
1368 763 1429 808 ait
1455 761 1586 808 Basi-

132 843 221 889 lius
258 843 352 895 ille,
391 856 542 888 rerum
579 842 830 887 divinarum
875 842 1096 901 sapientia
1141 841 1439 900 conspicuus,
1477 857 1500 880 «
1538 844 1587 885 ut

132 919 290 980 paucis
332 918 486 965 verbis
523 918 661 963 multa
704 917 957 978 significet3
993 937 1015 958 n
1062 917 1193 977 quasi
1238 917 1430 969 diceret,
1472 916 1587 962 hanc

133 1010 236 1044 esse
279 995 587 1056 praestantiam
632 995 836 1040 scientiae
879 1001 922 1040 et
965 994 1202 1054 sapientiae
1245 993 1470 1046 doctoris,
1518 998 1584 1046 ut,

132 1072 350 1119 vocabula
390 1085 533 1131 pauca
576 1070 835 1130 proferens,
879 1071 934 1116 iis
972 1069 1216 1130 complecti
1261 1069 1411 1130 possit
1453 1078 1588 1128 atque

133 1149 422 1195 manifestare
461 1147 586 1194 ideas
624 1153 668 1194 et
702 1147 917 1193 veritates
955 1147 1132 1193 multas.
1162 1146 1293 1202 Quod
1320 1151 1364 1192 et
1390 1159 1476 1207 ego
1503 1158 1586 1205 pro

133 1226 296 1286 exigua
337 1239 434 1271 mea
476 1225 687 1271 facultate
725 1232 769 1270 et
813 1224 1005 1270 scientia
1050 1224 1225 1269 faciam.
1276 1224 1392 1269 Hinc
1436 1222 1586 1268 statim

133 1316 408 1362 responsum
433 1301 697 1362 aggredior.

200 1459 344 1516 Caput
373 1459 589 1516 primum.
623 1484 684 1489 —-
711 1458 775 1502 De
809 1456 906 1503 viro
948 1456 1024 1502 illo
1057 1456 1134 1516 qui
1174 1460 1360 1501 vocatur
1398 1453 1590 1514 Sapiens

135 1535 288 1588 Persa,
304 1548 327 1580 a
353 1548 443 1594 quo
465 1534 598 1579 etiam
617 1530 736 1579 liber
761 1533 928 1593 aliquis
954 1534 1279 1591 Epistolarum‚
1304 1531 1427 1577 varia
1452 1545 1586 1591 argu-

134 1617 283 1658 menta
312 1611 619 1664 tractantium,
645 1610 940 1670 conscriptus
967 1615 1055 1656 est.

201 1753 423 1813 Quisnam
466 1754 650 1815 quidem
690 1754 827 1800 fuerit
866 1754 940 1799 hic
981 1754 1172 1814 Sapiens
1206 1755 1370 1806 Persa,
1413 1753 1456 1797 id
1501 1759 1588 1805 est,

135 1847 340 1893 quaenam
377 1832 514 1878 fuerit
545 1831 751 1891 dignitas
778 1830 877 1889 ejus
915 1844 995 1875 seu
1035 1830 1205 1890 gradus
1248 1829 1292 1874 in
1338 1828 1592 1874 hierarchia

134 1909 462 1963 ecclesiastica,
493 1909 563 1954 vel
590 1908 817 1968 quodnam
846 1907 982 1953 fuerit
1019 1906 1116 1965 ejus
1155 1920 1319 1952 nomen
1352 1912 1426 1951 aut
1465 1904 1591 1950 habi-

134 1986 319 2032 tationis
347 1987 493 2039 locus,
524 1991 646 2031 certa
672 1984 835 2030 fiducia
859 1984 1012 2030 dicere
1033 1998 1122 2029 non
1142 1997 1408 2044 possumus.
1434 1983 1592 2042 Neque

135 2063 254 2110 enim
290 2064 406 2124 ipse,
445 2063 489 2108 in
529 2064 630 2109 loco
667 2062 820 2122 aliquo
859 2061 962 2107 libri
1004 2074 1139 2121 quem
1182 2059 1459 2120 composuit,
1496 2059 1592 2105 haec

135 2145 207 2186 aut
249 2140 498 2201 quidquam
533 2140 693 2185 horum
731 2139 864 2184 nobis
899 2137 1220 2190 manifestavit,
1252 2150 1401 2196 neque
1436 2135 1592 2182 eadem

135 2216 241 2262 alibi
284 2216 455 2276 scripta
498 2215 644 2262 adhuc
691 2215 986 2268 invenimus,
1049 2227 1196 2274 neque
1258 2213 1312 2259 ab
1366 2213 1459 2258 ullo
1516 2212 1593 2271 qui

135 2293 339 2353 apprime
365 2306 416 2338 ea
442 2292 620 2338 noverit
646 2292 908 2338 didicimus.
941 2291 1063 2336 Talia
1087 2296 1235 2336 autem
1255 2290 1311 2336 de
1331 2290 1403 2335 his
1424 2295 1595 2334 temere

136 2369 332 2424 effutire,
363 2384 556 2430 quorum
596 2369 768 2415 firmam
814 2368 1160 2429 persuasionem
1197 2381 1286 2413 non
1325 2366 1590 2417 habeamus,

137 2453 181 2492 et
223 2446 280 2493 de
323 2460 371 2493 re
409 2447 553 2507 loqui,
595 2447 701 2492 dum
739 2460 792 2493 ex
836 2446 991 2491 multis
1035 2459 1136 2505 quae
1181 2444 1237 2490 de
1280 2457 1331 2490 ea
1372 2442 1590 2488 declarari

137 2528 329 2582 possent
358 2536 442 2569 nec
476 2536 616 2583 pauca
651 2522 829 2568 tradere
869 2522 1086 2575 valemus,
1118 2535 1207 2567 non
1235 2519 1464 2571 convenit,
1496 2531 1593 2564 mea

137 2599 340 2658 quidem,
387 2599 507 2646 sicut
555 2605 598 2645 et
647 2598 797 2645 omnis
847 2597 1045 2644 hominis
1093 2597 1330 2643 veritatem
1379 2594 1588 2646 amantis,

140 2676 382 2722 sententia.
