1737 2950
762 177 1060 220 -162—

209 316 349 364 agens
397 308 553 348 eontra
599 301 905 354 Gennadium,
955 301 1030 361 qui
1082 301 1346 347 Nisibenum
1395 300 1639 348 Praesulem

211 379 393 440 Syriaco
420 377 631 424 idiomate
667 392 796 425 usum
820 391 922 424 esse
959 383 1213 423 asseruerat
1242 393 1251 424 :
1282 397 1304 419 «
1328 376 1386 424 At
1407 391 1515 425 vero
1539 391 1641 426 cum

210 455 352 515 ignoti
389 454 598 500 omnibus
636 454 762 514 Syris
800 453 983 507 suerint,
1024 467 1111 513 ego
1148 453 1299 513 potius
1337 454 1641 514 conjecturam

210 531 341 583 facio,
389 530 471 576 hos
511 532 764 584 SernzoneS‚
808 529 884 589 qui
928 543 1046 574 nunc
1090 529 1283 588 primum
1326 530 1370 576 in
1411 530 1643 591 publicum

211 612 390 661 exeunt,
421 620 509 652 non
537 606 735 667 Syriaca,
765 606 846 652 sed
883 605 1075 652 Armena
1112 606 1282 666 lingua,
1316 621 1404 667 qua
1437 607 1645 654 utebatur
1733 605 1735 616 '

211 684 256 728 S.
288 682 554 743 Gregorius,
583 682 879 727 Armenorum
906 682 1179 741 Episcopus,
1208 696 1232 727 a
1257 696 1346 742 quo
1373 683 1418 729 S.
1447 683 1644 745 Jacobus

213 765 398 820 rogatus
424 759 626 818 scripsit,
651 759 926 818 compositos
953 758 1116 811 fuisse;
1138 759 1207 804 vel
1227 765 1367 814 certe,
1392 759 1431 806 si
1451 759 1644 820 primum
1715 753 1736 766 ”

213 851 236 882 3
267 837 313 882 S.
342 837 511 882 Jacobo
543 836 758 896 Syrorum
795 836 948 897 lingua
984 835 1143 895 scripti
1181 836 1377 891 suerunt,
1418 838 1646 898 exemplar

212 913 443 974 Syriacum
470 913 513 957 in
543 913 796 958 Armeniam
823 914 1011 959 missum
1049 921 1092 960 et
1130 915 1173 959 in
1213 914 1377 961 idioma
1401 929 1492 975 quo
1517 915 1645 977 regio

213 990 286 1035 illa
322 990 529 1035 utebatur
564 1003 743 1035 versum
783 1004 834 1035 ac
876 989 1172 1050 divulgatum,
1213 990 1552 1045 verosimiliter,
1600 997 1646 1038 ut

212 1066 418 1112 accidere
438 1066 571 1119 solet,
596 1065 880 1125 deperditum
907 1079 1026 1112 esse.
1057 1085 1078 1107 »
1102 1067 1166 1112 Ita
1189 1065 1351 1112 doctus
1375 1066 1642 1122 Cardinalis‚

213 1143 328 1189 inter
371 1143 482 1188 duas
525 1143 800 1203 hypotheses
843 1144 1028 1190 liberam
1073 1144 1205 1190 nobis
1242 1144 1509 1190 electionem
1547 1158 1647 1204 per-

211 1220 409 1265 mittens.
443 1219 603 1265 Verum
642 1219 889 1273 enimvero,
935 1225 983 1265 ut
1019 1234 1137 1266 nunc
1174 1220 1374 1266 omittam
1411 1225 1646 1281 utramque

212 1296 472 1355 opinionem
505 1296 591 1342 hoc
628 1296 746 1341 inani
774 1296 1062 1342 fundamento
1090 1297 1191 1351 niti,
1222 1297 1343 1357 quod
1366 1297 1568 1344 Homilioe
1592 1298 1646 1344 ad

212 1372 481 1433 Gregorium
503 1372 853 1419 llluminatorem
873 1373 1083 1433 primitus
1105 1373 1289 1419 directae
1309 1373 1492 1428 fuerint,
1515 1387 1646 1434 quam

213 1450 370 1509 procul
405 1449 531 1509 prior
564 1464 587 1494 a
621 1464 728 1495 vero
762 1449 900 1496 distet
933 1455 977 1495 et
1010 1463 1062 1495 ex
1100 1449 1155 1495 iis
1189 1463 1290 1510 quae
1321 1449 1491 1509 passim
1529 1449 1648 1496 dicta

211 1532 315 1571 sunt
351 1532 545 1580 constat,
575 1532 618 1572 et
649 1526 816 1572 clarius
853 1526 998 1572 adhuc
1035 1532 1237 1585 patescet
1278 1540 1331 1572 ex
1368 1526 1647 1587 argumentis

212 1603 390 1648 invictis
417 1617 517 1663 quae
545 1603 657 1648 infra
683 1603 736 1648 ad
763 1602 1040 1662 probandam
1080 1608 1227 1648 textus
1265 1602 1434 1663 Syriaci
1461 1603 1647 1649 authen-

210 1679 315 1723 tiam
353 1692 668 1738 congeremus.
713 1678 842 1733 Quod
878 1685 1024 1724 autem
1067 1678 1279 1724 subditur
1313 1678 1369 1724 de
1404 1679 1649 1739 archetypo

213 1768 313 1799 mox
358 1754 399 1798 in
445 1755 640 1814 linguam
685 1754 970 1813 peregrinam
1014 1767 1235 1800 converso
1280 1759 1412 1814 atque
1458 1754 1650 1800 subinde

211 1829 406 1883 amisso,
454 1844 506 1875 an
551 1836 594 1875 et
635 1844 724 1889 quo
767 1843 905 1875 sensu
946 1829 1121 1875 admitti
1164 1830 1313 1890 possit
1352 1830 1423 1876 vel
1468 1830 1646 1885 debeat,

213 1905 370 1950 lectori
407 1919 460 1950 ex
498 1905 552 1950 iis
587 1919 688 1964 quae
726 1905 961 1965 praemissa
996 1906 1120 1951 fuere
1163 1905 1471 1966 colligendum
1513 1905 1649 1952 relin-

214 1982 412 2041 quimus.

279 2058 377 2103 Non
421 2057 655 2103 universas
702 2059 918 2116 Epistolas
962 2057 1136 2118 syriace
1179 2062 1409 2104 exstantes
1451 2057 1652 2104 continet

215 2133 354 2178 editio
389 2133 633 2187 Antonelli‚
665 2133 743 2179 sed
783 2139 952 2179 tantum
989 2147 1149 2179 novem
1183 2140 1227 2179 et
1261 2133 1418 2180 decem
1451 2133 1644 2194 priores.

215 2209 388 2254 Desunt
426 2209 563 2269 igitur
595 2210 937 2254 Dissertationes
974 2214 1167 2269 quatuor
1197 2225 1204 2255 :
1236 2211 1297 2254 De
1330 2211 1652 2255 sustentatione

211 2298 484 2341 paweruoem
515 2311 575 2317 —
614 2286 674 2329 De
705 2286 1036 2342 persecution33
1071 2311 1126 2316 —
1155 2286 1216 2330 De
1249 2292 1388 2331 morte
1410 2292 1453 2330 et
1489 2291 1648 2343 tempo·
1714 2301 1724 2334 “;

211 2361 338 2405 ribus
364 2362 602 2414 eoetremz‘s;
639 2385 690 2391 -—
720 2361 780 2404 De
805 2361 948 2404 acino.
979 2360 1072 2405 Nec
1098 2359 1245 2418 quoad
1271 2359 1469 2419 reliquas
1494 2372 1651 2406 omnes

216 2449 265 2480 ea
292 2441 467 2481 servata
492 2441 560 2481 est
587 2435 830 2494 dispositio
869 2440 1019 2480 mutua
1056 2449 1187 2494 quam
1214 2439 1425 2480 statutam
1449 2435 1652 2481 voluerat
1718 2495 1719 2498 Ἴ

214 2519 369 2557 auctor
392 2529 398 2556 :
425 2514 626 2558 Homilioe
642 2513 869 2558 XI—XIX
890 2517 1172 2572 praepostero
1199 2511 1357 2558 ordine
1383 2516 1646 2567 occurrunt,
1714 2511 1718 2521 ’“

216 2601 457 2647 earumque
486 2588 880 2634 transmutationes
917 2588 1061 2633 oculis
1096 2587 1278 2646 subjicit
1305 2601 1502 2648 sequens
1528 2587 1648 2633 elen-

213 2663 326 2708 chus
359 2679 366 2707 ;
