1737 2950
690 153 962 196 ..79-

108 335 120 348 .
145 300 294 354 μδοώ·
330 304 464 358 Δια-η
496 297 634 353 lui-:2
671 307 818 361 pan-§0
856 322 879 347 «
910 303 1050 350 Paulo
1097 310 1203 364 post
1250 303 1462 365 migravit
1505 304 1559 349 ad

104 387 346 435 Dominum
371 401 502 434 suum
528 394 714 435 sanctus
735 387 993 448 Episcopus
1021 387 1290 442 Nisibenus,
1315 388 1409 433 Mar
1427 387 1559 433 Jaco-

108 465 216 524 bus3
232 479 366 527 quem
387 465 545 512 beatus
566 465 661 511 Mar
679 462 952 525 Ephraemus
978 464 1207 525 sepelivit.
1233 466 1388 511 Donec
1411 470 1560 511 autem

105 542 281 589 Nisibis
307 541 460 588 Persis
495 541 659 588 tradita
697 541 798 596 fuit,
833 541 925 587 Mar
957 541 1225 602 Epliraemus
1261 541 1323 587 ibi
1360 555 1561 588 commo-

107 625 231 666 ratus
257 624 349 673 est;
378 624 424 665 et
448 617 571 673 dein,
601 632 819 679 egressus
846 617 968 673 inde,
1006 620 1051 664 in
1091 618 1227 665 terris
1255 619 1558 665 Romanorum

108 695 340 742 habitavit.
370 713 393 737 »
420 696 525 756 lpse
551 695 598 741 S.
628 695 897 756 Ephraemus
923 694 1044 741 illam
1070 695 1303 742 veritatem
1334 695 1560 741 indubita-

108 777 197 819 tam
239 771 390 818 reddit
433 771 720 818 Carminibus
757 785 858 832 quae
900 784 1090 818 numero
1127 771 1321 832 plurima
1358 771 1415 818 de
1453 772 1565 819 urbe

109 849 253 911 patria
286 848 429 896 edidit
469 846 535 912 (1).
585 849 633 894 ln
676 848 747 894 his
783 848 904 895 enim
946 848 1034 894 late
1068 847 1200 908 juxta
1241 862 1292 895 ac
1334 849 1566 910 eleganter

110 926 299 973 disserit
330 926 386 973 de
421 926 592 987 triplici
630 927 752 973 illius
777 926 1020 974 obsidione
1044 941 1069 973 a
1093 927 1264 987 Sapore
1288 927 1420 974 annis
1447 926 1561 982 338,

112 1002 206 1050 346
240 1009 284 1051 et
316 1001 409 1049 350
436 1001 485 1067 (2)
510 1009 752 1065 suscepta;
792 1004 836 1050 in
863 1010 1076 1065 promptu
1114 1010 1262 1051 autem
1305 1011 1376 1052 est
1411 1020 1566 1066 regem

112 1081 352 1128 Persarum
371 1094 461 1127 non
481 1081 593 1128 adeo
614 1080 892 1141 desipuisse,
912 1087 961 1128 ut
972 1081 1203 1128 civitatem
1219 1082 1317 1128 suis
1339 1083 1567 1129 subditam

112 1157 292 1220 legibus
327 1164 398 1205 ter
433 1163 738 1220 oppugnaret.
774 1157 971 1205 Aliunde
1008 1158 1205 1219 denique
1240 1159 1448 1206 novimus
1487 1160 1567 1208 Ni-

111 1236 232 1283 sibin
258 1249 360 1283 cum
386 1236 579 1282 maxima
603 1235 944 1297 Mesopotamiae
968 1241 1095 1297 parte
1121 1236 1301 1283 demum
1327 1252 1444 1285 anno
1474 1236 1567 1284 363

113 1314 275 1375 Sapori
314 1328 337 1360 a
369 1314 560 1361 Joviano
594 1328 863 1361 concessam
892 1328 995 1361 esse
1026 1331 1034 1360 :
1068 1315 1112 1360 id
1154 1315 1373 1371 referunt,
1402 1322 1570 1377 praeter

113 1391 227 1438 alios
273 1391 467 1448 multos,
520 1392 797 1454 Dionysius,
847 1392 1155 1439 Jacobitarum
1204 1393 1463 1441 Patriarcha
1524 1394 1568 1440 in

115 1470 347 1524 Chronico,
375 1468 672 1524 Ammiamus,
702 1470 782 1516 lib.
815 1468 896 1523 25,
927 1475 972 1516 et
997 1470 1223 1527 Zosimus,
1251 1472 1331 1517 lib.
1362 1471 1408 1518 3.

182 1546 342 1594 Omnia
368 1546 509 1607 igitur
533 1546 812 1607 persuadent
847 1551 896 1593 ut
930 1546 1063 1593 fidem
1103 1547 1397 1595 adhibeamus
1434 1563 1571 1596 anno-

116 1623 273 1670 tationi
331 1624 622 1670 amanuensis
683 1623 919 1683 cujusdam
967 1625 1207 1685 anonymi,
1260 1640 1392 1686 quam
1441 1632 1571 1673 antea

114 1698 235 1763 (pag.
286 1697 361 1762 65)
404 1713 458 1746 ex
495 1699 725 1761 Wrightio
770 1700 1046 1760 protulimus
1100 1706 1145 1747 et
1195 1716 1282 1761 qua
1326 1701 1572 1748 affirmatur

116 1775 375 1836 Sapientem
401 1776 586 1822 Persam
613 1776 893 1836 Episcopum
920 1776 1063 1823 fuisse
1096 1777 1141 1822 in
1174 1778 1451 1824 monasterio
1478 1779 1572 1824 Mar

118 1853 316 1900 Matthaei
359 1868 440 1900 seu
484 1854 630 1900 sancti
674 1853 890 1907 Matthaei,
927 1854 1048 1914 quod
1092 1854 1203 1901 alias
1246 1856 1571 1902 monasterium

120 1930 310 1976 Kuchtae
335 1936 623 1990 nuncupatur
648 1935 693 1976 et
719 1930 763 1975 in
789 1936 941 1976 monte
962 1931 1188 1990 Elpheph,
1220 1931 1336 1977 haud
1363 1933 1521 1992 procul
1549 1946 1572 1978 a

120 2008 342 2063 Mossulo,
377 2008 515 2055 situm
546 2013 616 2054 est
650 2005 714 2070 (3).
746 2007 1012 2054 Coenobium
1051 2008 1173 2054 istud
1207 2023 1231 2054 a
1271 2008 1434 2070 primis
1470 2023 1572 2056 aerae

165 2188 212 2227 (i)
237 2187 274 2222 S.
311 2186 495 2228 Ephroemi
522 2186 605 2229 Syri
641 2186 819 2221 Carmina
854 2184 1031 2222 Nisibena
1064 2186 1204 2230 primus
1233 2187 1269 2221 in
1300 2196 1411 2222 unum
1441 2196 1573 2231 corpus

120 2241 277 2286 collegit,
297 2241 423 2283 edidit,
441 2241 561 2282 vertit,
580 2241 846 2284 explicavitque
864 2242 902 2275 G.
926 2240 1070 2275 Bickell.
1091 2241 1235 2285 Lipsiae,
1255 2243 1351 2277 1866.

166 2297 215 2337 (2)
241 2296 381 2330 Videsis
397 2305 454 2338 op.
474 2297 532 2330 cit.
554 2296 828 2339 praefationem,
845 2305 926 2339 pag.
948 2298 982 2329 Η
1006 2305 1108 2339 seqq.

169 2352 215 2391 (5)
240 2351 497 2386 monasterium
518 2353 590 2385 Mar
611 2351 783 2391 Matthaei,
801 2350 856 2385 vel
875 2359 894 2384 a
912 2350 1113 2385 conditoris
1142 2350 1304 2391 nomine,
1323 2351 1376 2385 vel
1406 2351 1574 2394 probabi·

126 2405 195 2439 lius
214 2405 250 2439 in
269 2406 444 2440 honorem
463 2405 618 2439 Matthaei
635 2404 811 2448 Apostoli,
832 2404 888 2439 cui
907 2405 1064 2438 dicatum
1094 2404 1214 2446 fuerit,
1233 2405 1281 2439 ita
1310 2411 1574 2449 nuncupatum,

123 2462 196 2504 jam
214 2465 407 2506 antequam
426 2462 577 2505 Sapiens
596 2463 703 2496 Persa
720 2462 946 2501 claresceret,
966 2462 1001 2495 h.
1021 2470 1068 2502 e.‚
1092 2470 1125 2495 a.
1152 2464 1232 2503 554,
1260 2462 1290 2496 si
1316 2461 1405 2496 fides
1432 2462 1478 2496 sit
1506 2466 1574 2496 tra-

127 2516 254 2552 ditioni
275 2526 383 2560 quam
403 2516 511 2552 refert
527 2517 614 2551 Rich
633 2525 690 2560 ap.
711 2516 836 2558 Ritter‚
855 2521 890 2551 et
907 2520 1003 2551 certe
1017 2525 1089 2551 non
1105 2517 1151 2550 ita
1167 2517 1279 2552 multo
1297 2521 1380 2560 post
1401 2516 1577 2561 dynastiae

127 2571 394 2607 Sassanitarum
424 2572 568 2606 exordia
598 2571 787 2606 fundatum
805 2576 894 2606 erat.
918 2572 968 2606 Ad
990 2572 1202 2606 orientalem
1219 2571 1373 2616 Tigridis
1390 2572 1520 2615 ripam,
1539 2572 1575 2605 in

128 2630 253 2660 monte
270 2630 455 2669 praerupto
473 2627 635 2670 Elpheph
656 2635 719 2661 seu
738 2626 878 2662 Maklob
896 2630 1157 2668 constructum,
1177 2635 1344 2662 accessus
1361 2631 1416 2661 est
1432 2626 1576 2661 difficil-

130 2680 218 2720 limi,
237 2686 285 2722 et,
306 2686 344 2715 ut
361 2689 457 2725 saepe
475 2681 513 2716 iit
532 2681 567 2715 in
587 2681 658 2715 illis
675 2681 884 2725 regionibus
913 2686 1061 2724 propter
1087 2680 1317 2716 imminentes
1340 2681 1574 2715 barbarorum
