1737 2950
59 257 326 303 monachum
352 256 477 302 illum
503 256 818 303 Theodoretus
848 256 1054 302 inviserit
1090 256 1331 303 admodum
1357 257 1502 304 adhuc

53 332 250 392 juvenis,
279 347 330 379 ac
356 332 548 393 proinde
575 347 662 378 non
689 339 792 379 ante
816 347 856 377 a.
887 330 1007 385 400;
1037 347 1154 378 anno
1187 347 1378 394 namque
1405 332 1498 379 393

59 410 158 470 ipse
184 416 314 456 natus
340 416 449 456 erat.
484 429 505 450 «
532 410 688 457 Oculis
716 409 839 455 illum
866 410 1102 470 conspexi,
1133 410 1210 464 ait,
1240 417 1500 471 sanctaeque

60 486 182 534 illius
219 487 417 534 dexterae
454 488 818 534 benedictionem
855 487 1056 548 percepi,
1095 501 1196 533 cum
1233 488 1498 534 adolescen-

61 563 180 610 tulus
205 563 350 610 adhuc
376 569 561 610 matrem
586 564 639 609 ad
665 578 766 610 eum
787 564 1035 624 profectam
1062 578 1210 610 essem
1237 565 1496 612 comitatus.

59 640 205 700 Atque
240 640 360 686 illam
394 641 577 701 quidem
609 641 663 686 de
702 655 825 687 more
858 647 1010 700 aperta
1030 640 1165 699 janua
1199 642 1428 702 colloquio
1458 648 1501 688 et

61 717 378 764 benedictione
401 718 614 778 dignatus
634 724 730 771 est;
757 732 826 763 me
848 732 953 763 vero
980 718 1293 764 intromissum
1314 733 1499 779 precum

61 809 241 842 suarum
278 796 443 856 opibus
482 796 715 856 impertiit.
748 795 922 852 Quibus
960 795 1129 841 utinam
1166 810 1283 842 nunc
1319 810 1501 856 quoque

62 871 199 926 fruar,
243 872 320 933 qui
363 873 514 919 vivere
558 873 706 932 ipsum
748 872 912 925 credo,
959 878 1002 918 et
1043 873 1308 933 angelorum
1347 873 1501 918 choris

63 949 303 1004 iuteresse,
324 949 573 1010 majorique
592 964 724 1010 quam
751 949 858 996 olim
884 949 1001 1009 apud
1023 950 1163 995 Deum
1191 949 1355 996 fiducia
1381 950 1502 996 utib)

128 1027 190 1072 Ex
226 1026 478 1072 rationibus
515 1033 559 1072 et
597 1026 872 1072 testimoniis
909 1026 1136 1080 adductis,
1179 1027 1433 1086 praesertim
1466 1028 1505 1074 si

61 1102 209 1149 omnia
242 1103 376 1149 simul
408 1103 773 1157 considerentur,
805 1103 1091 1149 manifestum
1129 1117 1238 1149 sane
1276 1110 1346 1149 est
1386 1104 1503 1163 apud

60 1179 391 1226 Theodoretum
428 1194 516 1226 nou
555 1180 784 1239 Sapientis
823 1180 973 1225 Persae
1011 1180 1245 1225 historiam
1282 1182 1499 1236 enarrari,

62 1257 172 1302 nihil
198 1257 391 1317 proinde
415 1271 468 1303 ex
497 1257 572 1302 illo
600 1256 723 1302 fonte
751 1256 916 1302 hauriri
943 1270 1082 1316 posse
1108 1256 1162 1301 ad
1190 1257 1504 1317 complendam

63 1333 166 1379 vitae
191 1332 432 1393 Aphraatis
459 1333 712 1387 historiam,
743 1347 876 1393 quam
903 1346 1041 1392 supra
1077 1332 1206 1379 valde
1239 1347 1439 1380 mancam
1466 1341 1510 1379 et

64 1409 390 1471 imperfectam,
420 1420 555 1472 prout
580 1409 757 1456 scilicet
782 1423 863 1471 per
890 1414 1283 1456 monumentorum
1310 1411 1508 1471 inopiam

60 1488 286 1548 simulque
310 1488 532 1548 temporis
568 1495 702 1547 atque
740 1486 911 1547 ingenii
942 1486 1178 1546 angustias
1205 1487 1349 1541 licuit,
1380 1488 1505 1534 exhi-

65 1563 260 1610 buimus.

1359 2699 1401 2739 ll
