1737 2950
629 120 928 163 ‚199-

66 247 185 293 enim
211 247 494 307 temporibus
530 247 715 292 circiter
749 245 929 292 concilii
957 245 1128 291 Nicaeni
1156 259 1207 291 ac
1231 259 1314 305 per
1338 246 1510 307 aliquot

67 324 285 371 decennia
329 324 655 385 subsequentia
699 323 874 376 floruit;
927 322 1048 368 nulla
1095 322 1235 383 igitur
1277 337 1350 369 res
1393 330 1512 370 vetat

67 402 174 463 quin
215 401 437 455 dicamus,
478 415 579 447 eum
621 408 665 447 et
707 414 760 447 ex
803 399 1067 460 parentibus
1110 399 1300 461 paganis
1343 402 1411 447 vel
1455 400 1508 447 ad

67 479 202 526 iidem
249 492 412 525 recens
463 479 701 526 conversis
748 484 894 524 ortum
944 476 1191 529 habuisse,
1249 485 1293 524 et
1340 484 1510 538 partem

68 558 227 604 saltem
261 556 456 617 aliquam
492 570 681 617 operum
721 569 906 602 suorum
945 569 984 600 a.
1026 553 1241 600 336-337
1276 557 1512 617 conscrip-

67 635 210 688 sisse;
248 634 289 680 ei
324 634 458 680 etiam
483 634 721 695 aptissime
757 632 1032 679 conveniunt
1068 647 1169 693 quae
1203 640 1515 695 congeruntur

67 712 123 758 de
166 711 388 772 exemplis
436 718 478 757 et
527 711 802 757 testimoniis
845 724 867 755 a
912 711 1288 756 Dissertationum
1329 717 1514 758 auctore

67 789 292 850 allegatis,
332 789 387 834 de
425 789 636 835 versione
670 787 937 833 Armeniaca
970 787 1025 833 ab
1060 787 1161 847 ipso
1195 787 1419 841 adhibita,
1459 788 1515 834 de

69 868 192 914 vitiis
215 868 414 928 denique
448 881 549 928 quae
588 867 828 927 redarguat
860 873 905 912 et
941 866 996 911 de
1034 867 1237 913 moribus
1268 881 1318 913 ac
1351 867 1513 913 ritibus

69 946 144 1008 qui
171 947 268 1006 ejus
295 951 425 992 aetate
452 946 494 989 in
525 945 730 991 Ecclesia
756 944 1002 1005 viguerint.

135 1024 425 1071 Antonellum
451 1030 670 1084 praeterea
696 1024 740 1068 in
767 1023 974 1083 pluribus
1002 1023 1227 1070 erravisse
1258 1024 1513 1085 deprehen-

69 1103 237 1149 dimus.
290 1103 470 1148 Falsum
520 1108 590 1147 est
638 1101 759 1162 quod
808 1101 851 1146 in
906 1101 1054 1161 primo
1109 1115 1193 1147 suo
1247 1109 1515 1162 argumento

71 1181 256 1227 innuere
299 1180 494 1232 videtur,
542 1180 760 1224 Homilz'as
794 1179 1028 1224 universas
1070 1178 1226 1225 eodem
1272 1194 1389 1226 anno
1430 1178 1510 1227 Gr.

70 1256 182 1312 648,
211 1273 257 1319 p.
290 1258 394 1304 Chr.
422 1255 651 1307 336-337,
682 1256 961 1316 compositas
988 1270 1112 1309 esse;
1142 1256 1303 1302 salsum
1326 1257 1512 1317 pariter,

71 1337 113 1382 in
150 1337 241 1382 illis
275 1336 468 1397 vestigia
506 1336 696 1395 reperiri
732 1335 1044 1381 translationis
1083 1334 1364 1382 Armeniacae
1401 1336 1515 1382 anti-

70 1414 246 1475 quioris
271 1413 482 1460 versione
520 1413 636 1473 apud
675 1412 898 1458 Armenes
930 1413 1108 1473 vulgata
1135 1418 1178 1458 et
1204 1413 1324 1459 circa
1350 1428 1514 1460 annum

70 1490 164 1536 432
193 1497 368 1537 exarata
398 1507 406 1536 :
438 1491 552 1536 hanc
587 1491 723 1543 enim,
763 1503 851 1536 non
891 1490 1036 1546 aliam,
1074 1490 1115 1534 in
1153 1491 1360 1536 Homilz'z's
1395 1505 1515 1537 com-

69 1585 227 1632 parere
255 1585 390 1630 supra
415 1569 465 1629 (1)
502 1583 554 1615 ex
593 1570 747 1615 Sassio
782 1569 1020 1629 probatum
1047 1574 1134 1623 est,
1165 1576 1381 1629 quantum
1416 1570 1515 1616 uni-

71 1649 233 1709 cuique
277 1648 388 1693 satis
423 1661 526 1693 esse
562 1647 696 1692 debet
730 1647 784 1693 ad
830 1661 924 1692 eam
967 1646 1285 1694 certitudinem
1329 1662 1430 1709 quae
1471 1649 1514 1694 in

70 1725 326 1785 hujusmodi
354 1725 490 1770 rebus
517 1725 777 1785 requiritur.

139 1806 324 1850 Demum
351 1810 521 1848 tantum
549 1803 675 1849 abest
705 1809 750 1848 ut
775 1804 904 1862 plura
938 1818 990 1849 ex
1026 1804 1305 1864 argumentis
1331 1818 1515 1851 enume-

72 1882 180 1927 ratis
209 1882 251 1926 id
279 1881 474 1926 efficiant
509 1880 630 1940 quod
672 1880 938 1934 intenditur,
978 1887 1025 1926 ut
1058 1888 1233 1933 contra,
1272 1883 1311 1927 si
1348 1887 1516 1930 attente

74 1957 444 2018 perpendantur,
499 1958 574 2002 uni
635 1957 849 2016 Apliraati
906 1959 1252 2005 Dissertationes
1298 1959 1519 2006 vindicari

71 2049 211 2096 posse
258 2035 500 2081 ostendant
553 2053 560 2079 :
614 2035 718 2080 talia
769 2041 874 2081 sunt
929 2036 1237 2083 consideratio
1290 2038 1515 2083 variorum

70 2119 325 2172 temporum
351 2112 518 2172 quibus
546 2112 634 2158 illac
659 2112 928 2172 prodierunt
960 2119 1003 2159 et
1034 2113 1203 2174 ubique
1229 2114 1516 2161 observatum

72 2189 127 2235 de
165 2188 347 2235 Arianis
390 2202 641 2249 eorumque
684 2189 917 2236 erroribus
953 2190 1202 2237 silentium.
1247 2191 1312 2237 De
1350 2192 1516 2253 quibus

72 2281 172 2314 cum
208 2274 338 2313 antea
373 2267 545 2327 pluries
574 2268 664 2326 jam
704 2268 933 2329 egerimus
969 2268 1044 2328 (a),
1083 2269 1136 2314 ad
1175 2282 1226 2316 ea
1260 2284 1361 2330 quae
1397 2270 1518 2318 dicta

74 2350 179 2390 sunt
205 2344 420 2390 lectorem
447 2344 735 2390 remittimus.

118 2509 166 2549 (¹)
192 2509 271 2551 Pag.
292 2510 353 2542 157
372 2516 449 2551 seq.

119 2564 168 2606 (2)
192 2563 278 2604 Cir„
297 2573 330 2598 v.
349 2573 399 2608 g„
420 2573 479 2607 pp.
501 2565 544 2598 66
561 2573 678 2608 seqq.‚
698 2567 739 2598 74
757 2573 856 2609 seqq.
