1737 2950
591 439 819 491 INDEX
878 437 1144 489 RERUM.

139 711 176 745 Pi
187 709 357 746 ominium
389 730 1464 743 .................

853 767 1110 802 iwrnonucno.

402 829 481 874 51.
513 828 603 864 vitae
645 832 681 864 et
728 827 909 864 doetrinae
957 826 1105 873 Georgii
1144 825 1303 862 Arabum
1346 824 1468 861 brevis

551 887 780 924 adumbratio
794 913 1464 924 ...........

403 949 479 994 52.
512 948 562 984 De
599 947 770 993 Sapiente
803 947 917 984 Persa
949 947 1069 993 capita
1097 947 1189 991 tria,
1231 956 1275 983 ex
1304 945 1468 993 Epistola

552 1010 701 1057 Georgii
722 1010 880 1047 Arabum
899 1013 1069 1056 excerpta
1123 1035 1464 1046 ......

489 1111 564 1154 DE
587 1111 727 1154 VITA
748 1110 819 1152 ET
843 1109 1105 1153 SCRIPTIS
1129 1108 1479 1151 APHRAATIS.

508 1202 669 1248 Hujusce
687 1200 956 1238 lucubrationis
974 1199 1169 1237 consilium
1189 1201 1226 1236 et
1245 1199 1337 1236 ordo
1393 1227 1400 1234 .
1458 1227 1466 1235 .

848 1312 981 1342 PARS
1000 1312 1181 1341 PRIMA.

759 1393 810 1419 DE
854 1393 955 1419 VITA
996 1392 1266 1419 APHRAATIS.

504 1465 681 1503 Monitum
699 1465 872 1512 praevium
927 1491 1466 1502 .........

499 1527 655 1565 CAPUT
676 1527 703 1563 Ι.

502 1588 555 1624 De
572 1588 684 1623 variis
699 1587 862 1624 auctoris
878 1587 995 1625 nostri
1010 1587 1220 1624 nominibus
1259 1615 1268 1623 .
1325 1615 1333 1624 .
1458 1616 1466 1624 .

138 1652 343 1687 Aancuws
364 1649 391 1686 1.
440 1668 486 1674 —-
506 1648 681 1685 Eumdem
691 1657 775 1684 esse
788 1648 999 1694 Sapientem
1014 1648 1164 1684 Persam
1176 1647 1466 1694 quiAphraates.

137 1712 347 1747 Antemnis
369 1709 414 1745 ΙΙ.
440 1728 482 1734 —-
504 1708 633 1745 Utrum
651 1712 687 1744 et
705 1717 770 1744 cur
788 1708 962 1753 Aphraati
981 1707 1109 1745 Jacobi
1130 1716 1261 1745 nomen
1278 1706 1401 1744 suerit.
1460 1737 1467 1744 .

505 1768 658 1805 CAPUT
681 1768 726 1803 ΙΙ.

505 1830 554 1866 De
570 1832 733 1875 tempore
749 1833 783 1865 et
799 1828 880 1865 ioco
897 1829 1098 1865 nativitatis
1112 1832 1149 1865 et
1162 1829 1243 1865 vitae
1257 1829 1467 1875 Aphraatis.

136 1894 342 1929 ARTJCULUS
365 1892 390 1928 i.
440 1912 485 1917 ——
505 1889 660 1935 Quando
681 1890 846 1927 floruerit
866 1890 1070 1936 Apin-antes
1125 1918 1465 1927 ......

137 1957 343 1993 ARTICULUS
365 1956 409 1992 ii.
440 1976 486 1981 ——
508 1955 559 1991 De
578 1954 776 2000 Aphraatis
797 1955 914 2001 patria
932 1958 968 1991 et
994 1954 1233 1992 habitationis
1256 1955 1338 1992 loco
1393 1983 1400 1991 .
1461 1983 1468 1991 .

511 2014 665 2052 CAPUT
687 2015 750 2051 iii.

504 2075 554 2112 De
572 2075 767 2121 Aphraatis
787 2075 998 2112 conditione
1017 2078 1053 2112 et
1071 2075 1269 2122 dignitate.
1327 2103 1336 2112 .
1394 2104 1402 2111 .

138 2138 345 2174 Aniicuws
367 2137 393 2174 Ι.
444 2157 490 2162 —
512 2137 562 2173 De
585 2136 782 2182 Aphraatis
801 2136 961 2173 clericali
981 2141 1017 2173 et
1035 2137 1237 2182 episcopali
1256 2145 1405 2174 munere
1461 2165 1468 2172 .

401 2197 418 2243 ἓ
449 2198 482 2233 1.
515 2196 689 2241 Quaedam
711 2197 948 2243 praenotanda
991 2225 1466 2234 ........

402 2258 418 2304 5
443 2258 480 2295 2.
511 2257 730 2295 Ostenditur·
763 2257 983 2304 Aphraatem
1016 2258 1051 2294 in
1085 2261 1184 2294 statu
1214 2256 1469 2294 ecclesiastico

556 2320 697 2357 vixisse
727 2348 1464 2358 ............

402 2382 418 2428 5
446 2384 481 2420 5.
515 2383 564 2419 De
583 2382 761 2428 dignitate
784 2382 985 2428 episcopati
1007 2382 1204 2428 Aphraatis
1259 2409 1267 2418 .
1324 2409 1333 2418 .
1391 2410 1398 2417 .

141 2445 345 2481 Amemus
366 2443 411 2480 u.
441 2463 487 2469 ——
509 2444 559 2480 De
579 2446 677 2479 statu
693 2443 897 2480 monastico
916 2442 1113 2488 Aphraatis
1127 2471 1466 2479 ......

139 2505 346 2542 Αιιτιαυιυε
370 2505 490 2542 ΙΙΙ.-
507 2503 739 2541 Refelluntui·
759 2505 820 2550 qui
845 2505 1063 2550 Aphraatem
1087 2504 1126 2542 S.
1148 2503 1330 2551 Ephraemi
1356 2503 1470 2541 disci-

561 2564 684 2609 pulum
705 2563 821 2601 fuisse
843 2567 1083 2602 asseruerunt
1119 2591 1460 2601 ......

1516 661 1591 682 I’AG.

1544 710 1592 735 ΠΙ

1575 885 1586 917 1

1572 1009 1592 1041 8

1549 1200 1592 1233 57

1547 1466 1593 1499 59

1549 1588 1595 1620 (30

1549 1648 1596 1681 60

1549 1709 1594 1743 6¹0

1549 1830 1594 1864 (iti

1547 1891 1595 1925 66

1548 2076 1594 2109 80

1549 2138 1595 2171 80

1548 2198 1594 2231 80

1547 2321 1594 2356 82

1548 2383 1593 2417 87

1528 2444 1594 2477 103

1524 2564 1590 2598 tto
