1737 2950
634 189 930 232 —245-

73 330 222 363 omnes
264 323 443 367 aetates;
490 323 732 374 antequam
773 318 1112 375 conciperentur
1152 322 1338 368 montes,
1389 323 1515 362 ante·

73 408 210 453 quam
243 402 368 440 terra
402 392 632 455 sruqz'sera
655 401 769 439 esset
793 401 834 440 et
857 394 974 439 orbis
995 393 1278 447 conderetur,
1307 394 1362 439 ab
1386 400 1515 440 ceter-

73 474 216 518 nitate
247 480 289 518 et
323 474 370 517 in
405 480 623 518 aetcrnum
659 480 708 518 tu
742 486 788 518 es
823 473 1051 518 Dominae.
1093 471 1159 517 Ne
1199 470 1302 531 quis
1339 476 1516 531 putaret

72 549 205 594 alium
233 556 363 596 antea
389 549 530 596 fuisse
556 550 625 596 vel
651 549 787 595 alium
813 554 973 609 postea
999 549 1198 595 futurum
1226 562 1330 594 esse
1356 548 1512 604 Deum,

75 625 170 671 haec
204 626 357 686 posuit
383 640 512 673 sacer
538 633 661 672 vates
692 642 699 671 :
731 627 795 672 Ab
829 628 1084 672 (eternitate
1115 633 1157 671 et
1192 626 1240 670 in
1273 632 1509 671 oeternum.

75 703 129 747 Et
156 702 197 747 in
225 703 431 749 eumdem
458 718 643 749 sensum
671 703 810 750 Isaias
836 701 884 766 (1)
915 720 922 748 :
954 704 1135 749 Primus
1170 710 1212 748 et
1248 703 1516 748 novissimus

73 794 147 838 eqo
177 795 294 826 sum.
335 781 479 828 Porro
515 788 757 842 postquam
794 782 914 827 Deus
955 780 1174 826 Adamum
1211 792 1264 826 ex
1301 779 1400 825 idea
1436 794 1517 826 sua

74 857 257 918 genuit,
298 857 447 917 ipsum
482 857 712 910 formavit,
753 857 962 918 spiritum
1002 872 1133 904 suum
1169 856 1209 903 ei
1246 856 1512 910 insufflavit,

74 935 291 996 deditque
328 936 565 982 scientiam
604 942 648 981 et
679 936 935 982 facultatem
963 936 1129 982 bonum
1154 949 1178 981 a
1204 935 1320 981 malo
1346 934 1518 981 discer-

75 1012 211 1058 nendi
237 1018 370 1073 atque
393 1013 532 1059 Deum
559 1013 839 1074 agnoscendi
863 1019 1074 1073 tanquam
1095 1012 1337 1059 Auctorem
1363 1026 1510 1058 suum.

76 1089 296 1145 Quoniam
335 1096 482 1136 autem
517 1090 642 1136 novit
680 1090 813 1136 homo
849 1091 1084 1136 Factorem
1123 1104 1272 1142 suum,
1306 1089 1517 1150 depictus

75 1174 144 1213 est
166 1167 285 1213 Deus
311 1174 354 1214 et
381 1167 599 1213 formatus
627 1167 668 1212 in
698 1173 846 1214 mente
872 1167 985 1227 ejus,
1009 1167 1182 1228 fuitque
1203 1167 1280 1214 ille
1300 1168 1517 1228 templum

75 1246 174 1299 Dei,
217 1245 446 1291 Creatoris
484 1246 577 1297 sui,
620 1252 755 1305 prout
790 1246 1011 1306 scriptum
1049 1252 1118 1292 est
1150 1242 1198 1308 (a)
1235 1263 1247 1291 .·
1290 1246 1517 1304 Templum

75 1325 154 1369 Dei
189 1326 312 1377 estis,
354 1326 533 1382 ipseque
569 1325 685 1369 Deus
721 1324 832 1369 dicit
861 1341 872 1369 .·
900 1325 1114 1370 Habitabo
1144 1325 1193 1369 in
1216 1324 1311 1369 illis
1334 1331 1375 1369 et
1401 1325 1519 1369 inter

73 1415 144 1447 eos
169 1402 418 1447 ambulabo.
454 1402 499 1445 In
528 1401 789 1447 hominibus
815 1407 964 1447 tamen
991 1401 1067 1461 qui
1095 1401 1354 1447 Creatorem
1387 1414 1518 1446 suum

78 1479 289 1540 ignorant
315 1493 403 1525 non
430 1479 649 1524 formatur
668 1479 737 1524 vel
766 1479 935 1524 habitat
955 1479 1093 1532 Deus,
1119 1492 1266 1539 neque
1292 1479 1336 1524 in
1362 1492 1519 1525 eorum

76 1563 225 1602 mente
246 1556 521 1616 concipitur,
547 1556 627 1601 sed
654 1555 845 1615 perinde
870 1570 922 1602 ac
949 1556 1077 1602 bruta
1103 1560 1373 1617 caeteraeque
1398 1569 1520 1602 crea-

77 1640 186 1679 turae
213 1633 385 1679 ratione
411 1633 641 1679 destitutae
667 1633 721 1678 ab
747 1647 801 1679 eo
827 1633 1125 1679 aestimantur.

161 1823 237 1868 ΙΙΙ,
281 1825 527 1881 Aplzraatis
546 1824 752 1869 doctrina
772 1823 825 1870 de
847 1825 1179 1870 Incarnationis
1206 1826 1430 1885 mysterio.

144 1966 402 2011 Doctrinam
430 1965 485 2011 de
513 1966 825 2012 lucarnatione
852 1966 984 2012 Verbi
1008 1972 1047 2012 et
1071 1967 1125 2012 de
1145 1967 1320 2014 duabus
1347 1969 1520 2015 naturis

79 2044 121 2089 in
159 2043 340 2089 Christo
384 2043 576 2089 Domino
623 2043 762 2090 unitis
807 2043 1058 2104 Aphraates
1100 2045 1273 2104 passim
1316 2046 1516 2107 attingit,

79 2121 261 2181 parcius
294 2127 461 2174 tamen,
498 2134 646 2180 neque
678 2134 731 2167 eo
767 2121 1009 2167 verborum
1044 2122 1201 2183 rigore
1232 2123 1308 2183 qui
1341 2123 1521 2171 demum

80 2203 185 2258 post
219 2203 398 2245 exortas
434 2198 727 2244 vehementes
763 2198 818 2245 de
856 2199 927 2246 his
957 2199 1158 2246 materiis
1184 2201 1522 2249 controversias

83 2405 90 2414 .
114 2375 197 2417 »20
218 2408 224 2415 .
246 2378 387 2415 &md
403 2383 530 2435 <odd
553 2385 596 2419 ad
613 2385 787 2419 amussim
808 2386 952 2429 quidem
971 2395 1051 2420 cum
1071 2386 1238 2420 versione
1254 2385 1415 2429 Simplici
1436 2394 1521 2421 con-

81 2442 228 2481 sentire
239 2440 381 2476 differre
398 2450 483 2476 vero
495 2450 511 2474 a
525 2441 671 2485 Vulgata
688 2441 832 2475 Latina:
850 2441 1070 2483 Priusquam
1090 2444 1226 2475 montes
1239 2441 1363 2483 fierent
1375 2445 1438 2476 aut
1450 2442 1522 2485 sor-

80 2500 243 2531 marelur
253 2500 351 2529 terra
361 2499 391 2529 el
403 2495 510 2533 orbis
521 2503 601 2537 quae
613 2495 737 2537 etipsa
750 2504 766 2528 a
782 2499 878 2530 textu
891 2495 1106 2553 primigenio
1119 2495 1343 2538 aliquantum
1357 2495 1522 2530 discedit.

1282 2602 1494 2619 .....

82 2634 116 2667 h.
136 2641 181 2673 e.‚
200 2631 443 2674 «priusquam
460 2635 602 2665 montes
621 2637 856 2666 nascerentur
873 2636 907 2665 et
930 2632 1103 2665 sormares
1132 2636 1260 2666 terram
1290 2636 1325 2666 ei
1350 2603 1494 2666 orbem.
1507 2644 1523 2660 n

125 2687 406 2727 (1)1s.x1,{,4.

126 2743 176 2784 (2)
207 2743 234 2776 Η
255 2741 430 2782 Corinth„
450 2742 473 2774 V
481 2742 504 2781 Ι,
521 2742 573 2775 16.
