1737 2950
713 188 1008 230 -269„.

131 317 382 363 tizabimini
405 317 453 362 in
476 316 651 375 Spiritu
676 315 855 361 Sancto.
880 313 935 360 Et
961 325 1122 374 reapse
1145 312 1194 376 (1)
1217 311 1398 372 quando
1423 311 1575 358 Chris-

131 404 206 443 tus
242 397 475 449 Dominus,
515 402 698 454 accepta
738 407 858 453 aqua
896 399 939 438 et
977 393 1027 437 in
1064 391 1233 450 pelvim
1271 389 1580 435 ablutionibus

130 474 394 533 deputatam
418 473 642 525 immissa,
670 471 940 529 renibusque
972 469 1109 514 linteo
1130 468 1409 527 praecinctis,
1450 466 1579 524 coepit

131 551 288 597 lavare
325 550 459 610 pedes
501 549 846 608 discipulorum,
886 547 1221 606 pervenientem
1262 544 1322 590 ad
1359 545 1582 590 Simonem

132 630 319 675 Petrum
359 628 432 673 hic
473 626 780 685 interpellavit
819 642 831 671 :
874 626 1011 675 Tune,
1053 623 1253 675 Domine,
1288 620 1421 680 pedes
1462 633 1581 666 meos

133 704 291 752 lavas?
327 705 467 751 Pedes
503 718 621 750 meos
656 716 889 762 nunquam
926 701 1115 747 lavabis.
1157 700 1284 745 Dixit
1319 700 1360 744 ei
1395 700 1523 744 Jesus
1563 715 1574 743 .·

134 785 233 831 Nisi
277 791 319 830 te
365 784 532 836 lavero,
579 795 666 828 non
712 782 804 827 eris
843 781 1056 826 bonorum
1097 792 1297 824 meorum
1332 779 1580 837 particeps.

135 860 376 920 Respondit
400 861 551 905 Simon
580 877 591 904 .·
619 860 682 905 Ne
705 859 848 918 iqitur
867 857 1003 916 pedes
1033 863 1230 909 tantum,
1261 855 1462 908 Domine,
1501 853 1580 900 sed

135 952 299 984 manus
334 938 472 983 etiam
507 943 732 995 caputque
763 935 939 981 abluas.
971 934 1156 992 Excepit
1180 934 1309 979 Iesus
1338 950 1348 977 :
1379 933 1465 986 Qui
1480 930 1580 993 jam

135 1015 385 1062 mundatus
430 1021 495 1060 est
541 1014 723 1058 nonnisi
766 1012 931 1071 pedum
979 1011 1141 1057 lotione
1191 1010 1378 1067 indiqet.
1436 1010 1582 1062 Tum,

134 1093 322 1152 pedibus
363 1092 689 1151 discipulorum
729 1091 915 1144 ablutis,
958 1090 1226 1134 vestimenta
1265 1102 1351 1133 sua
1391 1089 1584 1146 accepit,

136 1173 342 1219 recubuit
373 1180 414 1218 et
454 1172 576 1218 dixit
605 1189 616 1217 .·
645 1173 708 1217 En
747 1171 914 1216 vocatis
948 1182 1018 1214 me
1052 1169 1323 1226 Maqistrum
1359 1175 1401 1213 et
1437 1167 1586 1212 Domi-

137 1265 247 1297 num
273 1258 489 1308 vestrum,
515 1258 557 1295 et
584 1250 692 1295 talis
717 1250 865 1307 reipsa
903 1261 1020 1293 sum.
1051 1248 1099 1292 Si
1124 1259 1226 1306 erqo
1251 1259 1346 1306 eqo,
1377 1246 1590 1304 Maqz'ster

138 1336 180 1374 et
206 1330 422 1374 Dominus
446 1335 605 1380 vester,
630 1327 764 1386 pedes
788 1333 956 1371 vestros
976 1326 1092 1381 lavo,
1119 1338 1256 1382 quam
1282 1324 1588 1370 necessarium

138 1414 205 1453 est
230 1413 280 1451 ut
305 1406 422 1451 alter
446 1405 640 1450 alterius
660 1403 794 1462 pedes
819 1403 1050 1448 abluatis!
1076 1402 1341 1460 Eoeemplum
1368 1401 1447 1446 hoc
1471 1400 1591 1446 vobis

138 1486 343 1544 exhibui,
379 1492 429 1530 ut
458 1483 833 1543 quemadmodum
864 1483 935 1542 eqi
964 1495 1040 1540 eqo
1073 1489 1116 1527 et
1148 1496 1220 1527 vos
1251 1483 1418 1541 aqatiS.
1456 1481 1586 1527 Post·

140 1577 272 1623 quam
299 1568 446 1608 autem
479 1561 700 1607 Dominus
739 1560 846 1606 lotis
886 1559 1080 1620 pedibus
1118 1573 1292 1611 eorum,
1335 1558 1585 1612 discubuit,

140 1645 234 1685 tum
272 1639 451 1685 demum
495 1638 562 1684 eis
610 1637 805 1698 praebuit
841 1651 1011 1697 corpus
1049 1651 1179 1683 suum
1219 1642 1262 1682 et
1299 1636 1585 1697 sanguinem,

141 1722 299 1762 contra
324 1730 374 1762 ac
401 1722 587 1777 egerant
615 1714 847 1767 Israelitae,
877 1714 953 1774 qui
993 1714 1175 1760 nonnisi
1214 1720 1320 1774 post
1356 1712 1590 1774 paschatis

141 1792 533 1839 manducationem
582 1792 626 1836 in
677 1791 795 1837 nube
845 1797 888 1836 et
937 1791 981 1835 in
1032 1791 1141 1836 mari
1193 1790 1403 1851 baptizati
1454 1796 1586 1842 sunt,

143 1869 366 1916 referente
407 1869 630 1930 Apostolo
668 1867 716 1930 (2)
751 1875 906 1926 patres
945 1875 1119 1914 nostros
1160 1881 1311 1913 omnes
1354 1868 1435 1912 sub
1476 1867 1591 1912 nube

141 1947 300 2009 fuisse,
329 1961 564 2007 omnesque
586 1961 711 1993 mare
737 1948 984 2005 trajecisse.
1022 1965 1044 1986 »

251 2140 345 2186 Vll.
375 2141 624 2199 Aphraatis
649 2140 855 2186 doctrina
880 2139 934 2185 de
955 2140 1201 2198 praesentia
1225 2138 1342 2184 reali
1365 2146 1408 2184 et
1432 2138 1485 2184 de

607 2217 834 2273 sacrificio
859 2229 983 2262 novae
1006 2217 1131 2275 leqis.

212 2353 441 2400 Christum
492 2352 732 2400 Dominum
779 2352 1024 2414 speciebus
1079 2351 1398 2399 eucharisticis
1449 2365 1586 2404 vere,

147 2430 329 2477 realiter
368 2437 413 2477 et
454 2429 816 2477 substantialiter
857 2429 1049 2476 subesse
1094 2429 1268 2490 pluries
1312 2429 1371 2475 ita
1404 2427 1592 2474 affirmat

149 2507 420 2568 Aphraates,
468 2515 517 2555 ut
558 2508 630 2554 hic
673 2507 805 2554 etiam
849 2520 952 2554 sese
995 2507 1194 2566 praebeat
1236 2505 1590 2552 disertissimum

149 2583 372 2632 doctrinae
396 2585 634 2632 catholicae
659 2590 841 2632 testem.

195 2739 241 2778 (t)
266 2738 350 2779 Quae
368 2735 423 2769 hic
439 2734 586 2770 affertur
604 2735 776 2776 narratio,
795 2743 836 2769 ex
852 2736 952 2770 Joan.
976 2736 1065 2773 xtlt.
1085 2735 1177 2770 6-15,
1197 2734 1386 2776 desumpta
1406 2736 1471 2765 est.

196 2792 243 2832 (ἰ)
272 2793 279 2824 Ι
301 2793 378 2826 Cor.
402 2792 438 2830 Χ,
458 2794 489 2825 1.
