1737 2950
690 167 958 207 „13-

169 293 312 339 Porro
359 292 504 338 virum
555 291 680 337 illum
730 290 848 336 aeris
898 288 1070 350 ingenii
1133 287 1302 341 fuisse,
1357 301 1550 348 eumque

103 373 318 430 quantum
345 367 389 414 id
418 368 514 414 fieri
541 373 694 428 potest
732 366 884 413 Sacris
920 365 1108 412 Litteris
1146 364 1380 411 studuisse
1417 370 1551 424 atque

103 458 286 506 operam
314 444 568 498 navavisse‚
600 443 746 504 ipsius
772 457 889 503 opus
915 442 1217 488 demonstrat.

167 521 387 568 Eumdem
414 527 635 581 praeterea
660 520 932 566 coenobitam
961 519 1103 564 fuisse
1130 524 1175 564 et
1195 518 1319 563 clero
1347 517 1552 576 adscrip-

103 604 196 645 tum
231 612 285 645 ex
321 598 418 657 ejus
450 597 604 643 verbis
642 597 861 657 colligere
893 596 1016 642 licet.
1049 594 1330 640 Coenobitam
1367 593 1551 653 quidem

104 688 154 721 se
200 688 303 721 esse
352 674 553 720 ostendit
593 674 636 718 in
678 675 876 732 Epistola
925 686 1059 732 quam
1100 670 1339 730 inscripsit
1391 686 1398 714 :
1456 671 1553 714 Dis-

102 753 287 798 sertatio
311 752 364 797 de
387 752 500 808 fitiz's
520 753 645 810 pacti
671 750 741 811 (t);
773 751 832 796 ita
867 750 986 795 enim
1025 748 1300 795 vocabantur
1338 760 1387 792 ea
1424 751 1555 792 aetate

103 830 343 882 coenobitae,
391 828 468 888 qui
502 833 547 874 et
587 829 784 873 solitarii
827 827 1096 873 dicebantur
1131 823 1198 887 (ρ).
1237 825 1344 870 Haec
1379 823 1557 869 scilieet

106 907 149 952 in
175 907 250 952 illa
275 907 473 965 Epistola
501 905 662 951 scribit
692 922 699 950 :
733 923 756 946 «
782 905 1085 960 Quamobrem
1111 903 1197 948 hoc
1224 906 1293 948 est
1314 900 1557 946 eonsilium

105 985 363 1035 honestum,
394 983 672 1029 conveniens
699 989 744 1029 et
768 983 1025 1043 pulchrum,
1052 980 1174 1041 quod
1202 979 1260 1025 do
1287 984 1331 1025 et
1369 977 1477 1022 mihi
1514 982 1558 1022 et

105 1062 254 1115 vobis,
296 1061 540 1114 carissimi,
581 1061 803 1114 monachi,
845 1060 921 1120 qui
961 1073 1125 1105 uxores
1162 1071 1253 1103 non
1288 1055 1475 1109 ducitis,
1517 1061 1561 1101 et

105 1137 327 1199 virgines,
345 1151 445 1197 quae
468 1136 648 1182 innubae
670 1136 963 1196 permanetis,
981 1150 1064 1180 vos
1083 1147 1242 1180 omnes
1264 1133 1331 1192 (3),
1356 1131 1556 1191 inquam,

107 1215 183 1276 qui
219 1215 473 1261 castitatem
511 1214 777 1274 virginalem
812 1214 860 1274 (¹.)
896 1212 1091 1272 diligitis
1123 1211 1349 1270 :justum‚
1391 1209 1560 1254 decens

107 1306 158 1338 ac
186 1293 401 1338 decorum
438 1296 524 1343 est,
555 1304 940 1351 unumquemque,
972 1289 1149 1335 etiamsi
1182 1288 1425 1333 afflictione
1453 1299 1560 1346 pre-

51 1394 65 1400 *
108 1376 270 1423 matur,
312 1368 565 1415 solitarium
605 1382 802 1413 manere.
847 1368 911 1412 Eo
948 1379 1142 1426 namque
1177 1364 1311 1410 modo
1349 1363 1562 1409 convenit

107 1446 316 1506 singulos
342 1444 560 1499 habitare,
599 1444 654 1490 de
692 1458 782 1504 quo
821 1444 939 1503 apud
975 1442 1216 1488 Jeremiam
1249 1441 1516 1500 prophetam
1548 1455 1555 1483 :

106 1525 273 1568 Beatus
297 1520 369 1567 vir
392 1523 471 1580 qui
486 1523 655 1580 jetqzcm
677 1529 805 1566 tuum
826 1523 874 1565 z'n
899 1520 1202 1566 adolescentia
1228 1532 1313 1562 sua
1336 1517 1562 1575 portabit!

108 1599 280 1645 Sedebit
305 1600 539 1644 solitarius
565 1605 606 1644 et
633 1599 809 1651 tacebit,
837 1598 1049 1656 quoniam
1066 1597 1234 1654 jugum,
1270 1602 1397 1639 tuum
1430 1595 1477 1637 in
1517 1605 1563 1637 se

109 1751 195 1786 viris
213 1751 390 1793 religiosis
407 1760 470 1785 seu
495 1752 640 1790 ascetis,
662 1752 777 1793 magis
807 1750 952 1793 quidem
981 1749 1126 1791 proprie
1152 1747 1350 1784 solitarios,
1371 1754 1452 1779 mox
1482 1752 1564 1778 vero

109 1812 144 1841 et
161 1806 353 1840 monachos
379 1807 579 1849 yeneralim
611 1807 663 1840 vel
693 1808 897 1845 ctrnobitas,
919 1805 1067 1848 perinde
1093 1813 1132 1838 ac
1156 1803 1259 1853 “i-⁴?
1286 1807 1347 1836 aut
1370 1802 1527 1851 pisce-5.
1550 1824 1562 1846 ,

111 1872 301 1916 significat.
322 1871 481 1904 Similem
501 1871 693 1913 quamdam
714 1872 978 1908 extensionem,
1000 1880 1065 1903 usn
1087 1870 1283 1907 inductam,
1303 1868 1566 1903 animadvertet

110 1927 266 1970 diligens
297 1926 408 1959 lector
436 1926 554 1968 quoad
582 1927 754 1960 vocabula
789 1927 910 1959 Latina
937 1927 1147 1963 monachus,
1166 1923 1440 1961 monasterinm,
1471 1932 1564 1965 quae,

111 1990 190 2017 cum
212 1990 254 2015 ex
271 1987 390 2024 etymo
409 1982 451 2013 ad
471 1983 579 2015 vitam
607 1982 908 2015 anactwretarnm
940 1981 1155 2019 reserantur,
1175 1980 1218 2013 ab
1247 1978 1417 2012 omnibus
1448 1983 1565 2012 tamen

113 2038 220 2074 etiam
238 2037 282 2071 de
298 2037 484 2072 coenobitis
502 2046 701 2080 eorumque
718 2038 883 2071 coenohiz's
904 2037 1071 2080 usurpari
1091 2037 1373 2070 consueverunt.

157 2097 204 2135 (3)
244 2092 395 2151 <³⁴³2
426 2127 432 2134 ,
470 2094 550 2126 llaec
580 2101 661 2132 vox,
697 2098 844 2135 propter
878 2100 1078 2134 pronomen
1114 2090 1300 2123 relativum
1329 2103 1370 2136 7,
1415 2090 1565 2123 incisum

114 2161 221 2196 refert
249 2162 292 2195 ad
323 2160 480 2204 virgines
510 2158 699 2200 utriusque
726 2167 833 2192 sexus
861 2168 969 2200 snpra
1000 2162 1234 2191 memoratos.
1255 2157 1296 2188 Αῑ
1325 2157 1360 2190 in
1387 2156 1565 2198 Sapientis

114 2219 228 2251 Persae
247 2216 403 2258 Epistola
420 2214 607 2256 (wi-lgm„
621 2214 695 2247 Tlte
709 2214 872 2247 humilies
891 2213 1158 2255 οῙΑρΙινααίας,
1179 2222 1211 2254 p.
1235 2208 1319 2272 με)
1349 2211 1477 2254 legitur
1495 2219 1565 2245 non

112 2271 286 2331 <kain
315 2280 375 2315 scd
401 2269 586 2328 τεὲιῖο,
613 2284 648 2313 et
677 2280 742 2313 bac
767 2288 852 2313 iocc
879 2279 1074 2322 alloquitur
1097 2283 1220 2313 auctor
1247 2279 1412 2313 homines
1446 2278 1491 2312 ab
1525 2278 1568 2311 iis

114 2338 175 2382 qui
191 2337 356 2372 coelibem
383 2337 500 2369 adhuc
529 2339 680 2379 egerunt
708 2335 814 2368 vitam
848 2335 1025 2373 diversos,
1057 2334 1138 2368 illos
1167 2334 1303 2368 scilicet
1328 2334 1500 2376 conjuges
1525 2332 1568 2366 de

116 2394 247 2437 quibus
273 2391 437 2435 proxime
465 2391 580 2426 suerat
605 2400 740 2430 sermo,
771 2391 906 2433 quique
936 2395 1061 2424 mulno
1090 2398 1271 2424 consensu
1305 2387 1568 2423 continentiam

114 2451 301 2484 voverunt.
335 2448 488 2480 Sensum
526 2447 582 2481 hie
611 2455 677 2489 ego
707 2445 884 2488 expressi,
920 2446 1062 2487 qualem
1093 2453 1173 2478 esse
1204 2449 1290 2487 puto
1319 2444 1348 2477 si
1379 2443 1568 2476 lectionem

116 2502 257 2548 Georgii
275 2501 455 2544 sequaris.

161 2561 209 2601 (4)
247 2558 429 2607 §Lauro
457 2565 585 2591 nomen
604 2562 678 2592 tum
696 2557 919 2590 sanctitatem
939 2554 1152 2597 generatim,
1170 2558 1243 2588 tum
1260 2553 1446 2597 speciatim
1462 2553 1570 2594 cirot-

116 2626 278 2665 m'tatem,
309 2609 584 2662 continentiam,
615 2622 815 2657 castitatem
851 2623 1089 2664 conjuqatem,
1110 2629 1174 2663 pro
1191 2619 1372 2663 adjunctis
1391 2622 1502 2652 notat.
1526 2619 1570 2650 De

118 2680 260 2714 arctiori
279 2680 346 2714 hac
362 2678 626 2722 significatione
653 2676 790 2716 consor,
811 2678 838 2710 si
870 2677 980 2716 lubet,
1005 2677 1056 2709 lll.
1081 2675 1301 2715 Beelenium,
1320 2675 1357 2709 S.
1380 2672 1571 2708 Clementis
