1737 2950
639 186 939 230 —157-

68 314 237 361 saeculo
265 314 320 361 1v
346 314 600 369 florentem,
632 315 676 361 in
716 330 799 363 usu
829 321 916 370 est,
957 316 1000 362 in
1040 317 1377 364 recentioribus
1410 331 1516 364 vcro

68 390 199 437 libris
225 390 459 438 rarissime
485 391 744 440 adhibetur.

136 467 194 513 Ut
217 473 364 514 autem
392 469 664 527 accuratius,
693 475 908 530 quantum
944 484 1026 531 per
1058 471 1318 518 distantiam
1346 478 1518 533 tempo-

70 560 168 592 rum
193 551 237 592 et
262 553 657 595 monumentorum
695 549 894 610 inopiam
931 549 1055 608 licet,
1084 556 1260 597 aetatem
1292 551 1521 598 versionis

69 624 362 686 indagemus,
415 625 636 672 terminus
685 632 788 673 ante
839 640 972 688 quem
1021 627 1230 674 confecta
1277 642 1382 675 esse
1432 642 1521 675 non

70 708 222 762 potest
259 701 363 748 inde
400 702 556 763 colligi
594 702 790 757 videtur,
832 703 953 764 quod
991 705 1068 764 qui
1093 704 1237 765 ipsam
1276 705 1523 752 elaboravit

73 779 415 826 translationem
448 780 624 826 Veteris
662 786 706 827 et
742 781 857 827 Novi
896 781 1172 828 Testamenti
1210 781 1523 829 Armeniacam

72 862 349 918 compertam
371 856 543 913 habuit,
567 857 864 918 adhibuitque
892 858 936 904 in
963 858 1227 914 scribendo,
1252 874 1353 906 cum
1375 866 1523 907 tamen

75 937 169 983 haec
198 935 379 983 nonnisi
405 950 521 982 anno
560 942 665 996 post
702 936 807 983 Chr.
838 937 1022 983 circiter
1049 935 1144 982 432
1173 937 1226 983 ad
1255 937 1524 998 interpreta-

73 1013 242 1061 tionem
269 1013 472 1060 Graecam
495 1019 673 1059 exarata
699 1013 774 1060 sit.
806 1015 905 1060 Non
934 1015 1081 1061 solum
1110 1015 1291 1061 nomina
1317 1015 1522 1076 propria,

74 1105 175 1152 quae
216 1090 395 1137 diverse
444 1090 488 1135 in
539 1090 737 1137 diversis
785 1091 1074 1138 documentis
1120 1091 1399 1147 scribuntur,
1453 1092 1526 1139 hic

75 1168 269 1215 similem
296 1173 430 1229 atque
457 1167 501 1213 in
529 1167 690 1214 Bibliis
713 1168 996 1215 Armeniacis
1022 1169 1210 1215 formam
1235 1169 1527 1217 adsciverunt

76 1252 120 1292 et
162 1245 216 1291 ad
260 1245 534 1306 exemplaria
578 1245 734 1292 Graeca
776 1259 994 1306 expressa
1036 1252 1159 1295 sunt.
1203 1261 1359 1293 verum
1395 1247 1528 1293 etiam

76 1324 165 1371 loci
192 1323 374 1385 quidam
414 1337 468 1370 ex
511 1337 642 1370 sacro
680 1323 909 1371 volumine
945 1324 1204 1385 deprompti
1230 1332 1384 1386 aperte
1403 1326 1530 1385 juxta

77 1401 263 1447 eosdem
307 1399 456 1447 fontes
498 1399 655 1446 mutati
697 1399 840 1446 fuere.
890 1401 1020 1456 Quod
1070 1408 1118 1447 ut
1168 1402 1525 1457 demonstretur,

80 1477 169 1524 duo
195 1477 400 1538 exempla
426 1476 670 1523 sufficiant.
703 1478 873 1524 Locum
901 1491 953 1523 ex
982 1479 1191 1525 Geneseos
1234 1493 1332 1539 cap.
1365 1478 1525 1534 XLIX,

77 1582 149 1615 vv.
174 1566 201 1612 3
228 1572 273 1613 et
294 1565 343 1620 4,
367 1566 421 1612 ab
447 1565 689 1626 Aphraate‚
720 1580 825 1627 pag.
858 1581 968 1623 ..α-ο,
995 1569 1236 1630 allegatum
1264 1570 1525 1624 translator,

79 1650 133 1697 ab
159 1650 406 1711 archetypo
432 1649 615 1696 omnino
642 1649 905 1705 discedens,
949 1651 1082 1698 talem
1121 1652 1268 1699 attulit
1305 1653 1452 1713 qualis
1486 1653 1529 1699 in

79 1739 290 1787 versione
315 1737 581 1785 Armeniaca
607 1737 797 1798 legitur;
828 1754 928 1786 nam
955 1755 1038 1800 pro
1077 1745 1320 1784 hami-‚202
1358 1747 1530 1797 .a-.3‚

77 1825 356 1883 principium
380 1823 548 1868 roboris
574 1823 677 1875 mei,
709 1821 830 1881 quod
857 1822 1050 1882 Sapiens
1088 1824 1244 1876 Persa,
1275 1838 1376 1871 cum
1407 1830 1530 1872 textu

82 1906 357 1967 primigenio
405 1905 518 1969 (³35⁸
563 1897 741 1968 Πῆρκῇ)
793 1912 837 1951 et
879 1905 1127 1966 interprete
1176 1908 1290 1968 Syro
1333 1922 1531 1956 consen-

84 1989 220 2043 tiens,
262 1995 491 2049 posuerat,
538 1990 637 2049 ipse
676 1988 871 2034 incisum
910 1989 1164 2044 substituit,
1204 1990 1325 2051 quod
1363 1990 1533 2038 Graecae

85 2068 202 2114 LXX
244 2068 428 2115 lectioni
467 2084 476 2116 :
517 2073 622 2131 ἀρχὴ
663 2077 735 2112 τῶν
780 2073 920 2112 τέκνων
962 2087 1047 2127 μου,
1092 2069 1205 2116 adeo
1242 2069 1444 2116 concinit
1486 2075 1534 2116 ut

83 2146 270 2192 verbum
296 2145 435 2192 verbo
462 2145 638 2192 reddat.
672 2144 876 2191 Alterum
914 2145 1244 2201 testimonium,
1274 2160 1327 2193 ex
1363 2147 1378 2191 Ι
1423 2146 1529 2193 Cor.

84 2223 179 2277 XV,
210 2221 378 2278 13-15,
403 2222 586 2269 citatum
609 2220 675 2284 (1),
700 2222 944 2268 translator
965 2221 1012 2285 (a)
1035 2238 1172 2283 quum
1200 2223 1242 2268 in
1270 2223 1532 2269 uuiversum

85 2299 285 2347 versioni
313 2299 426 2346 Novi
464 2299 741 2346 Testamenti
777 2297 1057 2346 Armeniaca}
1095 2300 1240 2361 magis
1277 2314 1531 2346 accommo-

89 2387 227 2442 davit,
255 2393 349 2434 tum
372 2394 478 2448 post
502 2388 639 2434 verba
662 2380 795 2435 >cz-ml
818 2382 936 2455 ugo,
966 2387 1008 2432 in
1046 2401 1147 2448 quae
1184 2388 1301 2447 apud
1334 2388 1534 2447 Aphraa-

90 2474 197 2523 tem,
228 2470 347 2516 sicut
377 2476 421 2516 et
457 2470 501 2517 in
540 2469 820 2523 Peschittha,
859 2470 1085 2516 sententia
1122 2469 1324 2529 explicit,
1361 2469 1536 2515 addidit

135 2660 181 2699 (1)
206 2661 268 2701 Ap.
289 2658 456 2702 Wright.,
488 2670 520 2702 p.
547 2661 622 2705 μδ
648 2680 656 2687 -

136 2726 182 2765 (2)
208 2728 270 2768 Ap.
290 2725 531 2766 Antonellum.
553 2736 586 2768 p.
606 2727 681 2760 255.
