1737 2950
748 176 1048 219 -319—

174 313 313 360 supra
338 299 590 361 tetigimus,
620 299 676 346 de
710 299 869 345 animae
906 312 1067 346 somno
1103 305 1148 346 et
1183 299 1239 346 de
1276 306 1479 361 tempore
1516 300 1619 348 finis

174 375 345 423 mundi.

239 453 295 501 At
321 454 426 501 dum
458 455 776 515 allegoriarum
811 459 854 500 et
889 460 1099 515 typorum
1137 454 1435 515 inquisitione
1469 455 1620 503 delec-

174 538 293 578 tatur
317 531 587 592 Aphraates,
617 545 802 578 sensum
829 532 1069 577 litteralem
1103 532 1227 578 nullo
1261 533 1394 579 modo
1427 534 1621 596 negligit

173 610 243 656 vel
281 609 405 670 parvi
445 609 574 663 facit;
617 609 705 656 imo
740 609 862 655 varia
900 610 1133 656 Sacrarum
1179 611 1450 657 Litterarum
1492 612 1621 659 effata

173 692 296 733 tanta
335 687 663 747 perspicuitate
700 687 912 748 explicat,
942 695 991 734 ut
1027 688 1253 749 hodieque
1291 690 1537 750 quidquam
1574 692 1620 737 in

174 764 260 810 hoc
291 778 460 825 genere
497 763 772 810 luculentius
808 764 880 809 vix
921 765 1075 810 haberi
1112 772 1247 826 queat
1283 773 1357 812 aut
1394 769 1614 828 exoptari.

174 841 304 899 Quod
347 847 494 887 autem
538 841 610 887 hic
653 841 919 896 asserimus,
963 856 1064 888 cum
1100 841 1192 902 jam
1235 843 1423 890 evidens
1466 845 1526 890 sit
1567 859 1620 892 ex

172 918 382 980 pluribus
409 918 676 979 fragmentis
703 933 803 979 quae
830 925 958 965 antea
983 920 1154 979 passim
1181 920 1530 981 exscripsimus,
1555 922 1621 969 illi

173 1001 320 1042 tamen
349 996 632 1042 manifestius
669 996 814 1043 adbuc
852 997 954 1051 erit,
985 997 1061 1058 qui
1089 997 1213 1057 ipsas
1249 1000 1471 1057 Epistolas
1506 1000 1620 1047 inte·

171 1087 296 1135 gras,
347 1087 423 1120 eas
471 1074 727 1133 praesertim
777 1088 877 1134 quae
925 1088 977 1120 cx
1027 1074 1114 1121 fine
1156 1076 1383 1135 polemico
1428 1083 1619 1125 exaratae

171 1151 369 1205 fuerunt,
399 1150 469 1196 vel
495 1150 656 1211 raptim
683 1151 947 1211 perlegerit.

237 1228 304 1274 Ad
350 1227 436 1274 hoc
479 1227 805 1288 interpretandi
843 1242 989 1289 genus
1027 1229 1264 1276 referenda
1301 1237 1424 1285 sunt,
1464 1247 1506 1279 v.
1546 1246 1616 1294 g.‚

172 1320 272 1367 quae
308 1305 510 1365 disputat
544 1305 735 1365 Sapiens
773 1307 912 1352 Persa
947 1306 1002 1352 de
1038 1307 1387 1354 Amalecitarum
1420 1309 1615 1370 origine,

172 1382 228 1430 de
254 1382 359 1429 odio
385 1381 569 1428 Amanis
603 1382 645 1427 in
682 1383 884 1437 Judaeos‚
916 1383 971 1430 de
997 1384 1282 1431 Mardochaeo
1308 1385 1466 1431 Amani
1493 1400 1617 1433 reve-

170 1459 361 1506 rentiam
382 1465 601 1519 negante;
632 1474 733 1520 quae
759 1460 909 1506 omnia
929 1461 1069 1507 habes
1095 1461 1283 1522 hujusce
1303 1463 1446 1523 partis
1472 1464 1619 1524 eapite

168 1536 317 1598 primo
344 1536 410 1598 (1).

238 1612 350 1660 Item
376 1614 481 1660 dum
508 1614 702 1675 probare
745 1615 940 1662 intendit
965 1616 1165 1677 scriptor
1186 1617 1448 1664 Judaeorum
1474 1618 1619 1664 natio-

170 1705 271 1738 nem
298 1706 322 1738 a
347 1692 440 1738 Deo
467 1692 678 1752 rejectam
705 1693 849 1739 fuisse
874 1699 918 1739 et
943 1694 1040 1753 ejus
1067 1694 1168 1741 loco
1195 1701 1356 1756 gentes
1382 1695 1618 1741 universas

169 1767 223 1813 ad
261 1768 452 1815 salutem
494 1776 691 1824 vocatas,
728 1770 987 1817 testimonia
1029 1771 1083 1816 ad
1127 1771 1242 1817 hanc
1284 1786 1409 1818 suam
1454 1771 1616 1817 thesim

170 1845 463 1892 evincendam
500 1847 736 1908 aptissima
762 1849 963 1909 undique
990 1849 1213 1909 congerit.
1250 1851 1616 1895 Dissertationem

169 1922 225 1970 de
258 1923 341 1970 hac
375 1937 423 1970 re
456 1931 663 1985 agentem
698 1925 766 1971 sic
798 1926 1034 1972 exorditur
1075 1926 1123 1986 (a)
1162 1943 1171 1973 ε
1209 1945 1232 1968 ε(
1264 1926 1431 1973 Gentes
1465 1926 1616 1985 cujus-

170 2015 364 2063 cumque
390 2002 556 2063 linguae
592 2002 635 2048 in
672 2003 980 2050 haereditatem
1005 2002 1229 2050 Altissimi
1264 2010 1366 2050 ante
1402 2004 1615 2050 Israelem

166 2084 339 2126 vocatas
379 2085 499 2126 sunt.
542 2080 663 2126 Dixit
697 2080 814 2126 enim
853 2081 973 2127 Deus
1007 2080 1260 2127 Abrahamo
1297 2082 1345 2140 (3)
1384 2098 1392 2127 :
1433 2084 1613 2128 Patrem

168 2157 419 2201 multarum
444 2158 647 2216 qentium
673 2159 886 2203 constitui
911 2164 967 2204 te.
999 2155 1057 2204 Et
1085 2159 1265 2219 Moyses
1292 2158 1377 2204 ista
1403 2173 1611 2219 praenun-

168 2231 294 2278 tiavit
313 2230 362 2294 (4)
386 2249 394 2278 ε
420 2234 611 2292 Populos
634 2236 892 2281 invitabunt
917 2235 977 2281 ad
1001 2244 1209 2290 montem,
1238 2237 1386 2295 ibique
1411 2238 1616 2282 victimas

158 2309 356 2367 justitioe
380 2311 690 2357 immolabunt.
722 2311 866 2366 Idem,
896 2312 939 2357 in
968 2311 1144 2359 cantico
1171 2312 1439 2368 testimonii,
1469 2313 1615 2359 Israe-

168 2384 271 2432 litas
304 2386 372 2432 sic
407 2386 631 2433 allocutus
669 2394 740 2434 est
771 2388 818 2451 (5)
858 2404 868 2435 :
915 2390 1159 2436 Provocabo
1194 2403 1268 2436 vos
1302 2390 1362 2436 ad
1395 2390 1614 2436 invidiam

211 2537 258 2577 (ί)
282 2536 353 2571 Csr.
372 2546 468 2582 sup.,
489 2548 524 2582 p.
543 2539 604 2572 ΞΗ
626 2547 729 2583 seqq.

211 2601 260 2643 (Ξ)
285 2603 453 2646 Ψτίςὴι.,
481 2614 515 2647 p.
546 2611 637 2649 y-A.
662 2613 763 2649 seqq.

211 2658 259 2697 (3)
286 2657 411 2693 Genes.
430 2660 532 2697 XVll,
551 2662 585 2694 5.

210 2712 258 2753 (Δ)
284 2712 475 2747 Deuteron.
497 2715 646 2755 ΧΧΧΙΠ,
667 2715 718 2748 ¹9.

210 2767 257 2809 (5)
282 2767 474 2803 Deuteron.
495 2770 628 2811 xxxll,
645 2770 701 2803 2¹.
