1737 2950
724 148 993 190 ..23—

142 272 226 319 hoc
248 278 334 327 cst,
365 273 494 334 regni
519 272 780 319 Alexandri.
811 292 833 315 »
862 273 1050 329 Quando
1079 272 1216 334 igitur
1242 286 1294 319 ex
1318 274 1447 320 annis
1487 273 1580 319 655

141 364 284 396 annos
333 348 426 396 648
463 350 788 405 subtrahimus,
835 356 1083 410 supersunt
1130 349 1233 395 anni
1272 356 1474 410 septem,
1516 351 1579 396 uti

141 427 354 475 diximus.
386 428 560 484 Quibus
597 429 633 474 si
674 428 813 474 addas
849 441 1013 474 annum
1047 441 1202 473 unum.
1244 427 1367 472 illum
1405 427 1584 474 scilicet

141 520 232 566 quo
258 506 428 567 scripta
453 512 522 552 est
547 508 741 552 Homilz'a
766 507 820 553 de
846 508 973 551 acino
999 511 1042 551 et
1068 505 1163 565 qui,
1203 511 1251 550 ut
1287 511 1444 551 auctor
1484 506 1582 566 ipse

142 588 350 638 testatur,
391 590 461 631 est
498 598 642 630 annus
686 582 797 637 656,
844 587 947 629 octo
989 581 1178 627 habebis
1213 595 1374 635 annos,
1417 582 1582 642 quibus

140 660 426 707 volventibus
470 661 752 721 posteriores
779 658 838 704 13
864 661 1095 706 Sermones
1120 659 1394 718 composuit.
1429 685 1488 692 —
1515 660 1580 704 En

142 736 281 798 igitur
305 738 447 784 totius
473 738 538 784 rei
566 751 738 784 summa
769 754 776 782 :
806 737 911 782 inde
945 751 968 782 a
1003 735 1179 795 synodo
1213 735 1395 781 Nicaena
1438 750 1583 796 usque

142 813 195 860 ad
221 828 385 861 annum
413 814 506 861 656
541 815 643 861 anni
681 822 786 861 sunt
822 811 909 866 20;
951 820 995 860 et
1032 814 1116 859 boc
1153 810 1339 873 quidem
1377 819 1581 874 tempore

141 896 370 938 auctorem
397 891 522 937 illum
550 892 733 938 Persam
760 889 1007 950 scripsisse
1033 903 1086 936 ex
1113 889 1258 949 ipsius
1286 889 1420 943 libro,
1451 897 1586 950 prout

142 966 238 1014 fieri
264 973 460 1028 poterat,
501 968 795 1028 collegimus;
825 967 955 1012 annis
990 971 1137 1011 autem
1175 965 1496 1019 anterioribus,
1528 967 1583 1012 iis

141 1045 395 1104 praesertim
417 1045 493 1105 qui
514 1059 677 1091 annum
700 1042 793 1089 648
813 1047 1167 1104 praecesserunt,
1189 1042 1284 1087 Mar
1295 1043 1582 1102 Ephraemum

141 1120 356 1168 docuisse
391 1123 461 1168 vel
498 1122 762 1182 scripsisse,
801 1121 860 1166 ita
896 1126 944 1166 ut
980 1119 1133 1165 dicere
1164 1118 1398 1178 possimus
1435 1119 1584 1179 ipsum

141 1199 447 1246 antecessisse
468 1199 682 1259 scriptori
706 1204 863 1245 nostro
891 1198 1060 1249 Persae,
1092 1195 1316 1255 hujusque
1351 1195 1582 1243 doctorem

142 1288 221 1321 seu
249 1276 514 1336 magistrum
541 1275 701 1329 fuisse,
731 1274 938 1334 nuspiam
964 1272 1234 1319 invenimus.

209 1351 496 1413 Caeteroquin
524 1359 702 1412 tempus
735 1366 824 1412 quo
857 1357 1068 1411 tanquam
1100 1348 1300 1408 scriptor
1338 1349 1586 1396 innotuerit

143 1427 301 1475 beatus
327 1429 420 1474 Mar
446 1427 715 1490 Ephraemus
742 1434 785 1475 et
810 1429 914 1474 hinc
939 1428 1119 1474 discere
1145 1438 1407 1487 possumus.
1440 1426 1584 1473 Theo-

143 1505 329 1552 doretus
372 1506 607 1567 Cyrensis,
654 1506 800 1566 capite
838 1504 892 1551 31
936 1506 984 1565 (t)
1023 1506 1125 1552 libri
1169 1507 1207 1551 ΙΙ
1250 1521 1343 1553 suae
1379 1508 1587 1552 Historiae

142 1584 473 1637 ecclesiasticen,
512 1584 704 1643 loquens
738 1583 794 1628 de
835 1583 1006 1643 Sapore
1048 1597 1157 1644 rege
1200 1590 1243 1630 et
1284 1584 1340 1629 de
1383 1584 1584 1629 exercitu

144 1660 400 1714 Persarum,
430 1659 507 1720 qui
534 1659 587 1705 ad
611 1659 960 1720 oppugnandam
987 1660 1181 1705 Nisibim
1207 1666 1439 1713 venerant,
1471 1661 1584 1706 scri-

144 1736 208 1782 bit
238 1753 246 1782 :
278 1755 300 1778 «
327 1737 451 1782 Tunc
482 1737 767 1796 Ephraemus‚
798 1736 960 1782 doctus
996 1736 1072 1781 ille
1107 1737 1323 1796 scriptor,
1354 1737 1397 1781 in
1424 1751 1585 1797 magna

143 1812 438 1859 admiratione
479 1818 523 1858 et
557 1812 686 1858 laude
730 1812 847 1858 inter
881 1812 1021 1872 Syros
1056 1818 1166 1858 erat.
1210 1814 1362 1873 Ipsum
1407 1813 1584 1873 rogavit

145 1889 303 1935 beatus
327 1889 524 1935 Jacobus
550 1888 614 1950 (ρ),
645 1888 842 1934 civitatis
866 1889 1142 1949 Episcopus,
1173 1894 1221 1934 ut
1246 1889 1515 1935 ascenderet
1539 1890 1583 1934 in

144 1965 306 2011 moenia
332 1971 393 2019 et,
423 1966 640 2012 barbaros
672 1966 880 2019 intuitus,
912 1966 1286 2026 imprecationum
1314 1966 1401 2012 tela
1431 1966 1474 2011 in
1504 1980 1584 2012 eos

186 2131 235 2170 (Ξ)
258 2129 368 2165 Aliter
385 2130 420 2164 in
440 2134 536 2164 textu
556 2132 677 2165 Graeeo
698 2141 704 2163 :
732 2121 822 2160 Τίτε
860 2120 1017 2170 Ἐφραῗμ
1050 2123 1067 2158 0'
1098 2121 1309 2171 θαυμάσιος,
1344 2121 1586 2173 συγγραφεῦς

145 2185 187 2224 δε
209 2184 305 2228 οὗτος
328 2183 475 2239 εἴρια-τος
495 2185 597 2239 rapo)
614 2187 735 2239 Σκίροις
765 2186 927 2234 ‘'yber-o,
959 2187 1019 2226 τδν
1047 2189 1127 2226 θεῖον
1159 2188 1324 2235 Ἰάκωβον
1352 2189 1585 2236 η’ντιβίλησεν

145 2250 315 2298 ε’πιβῆιοιι
349 2259 411 2292 τοῦ
437 2254 597 2302 τείχους,
630 2255 690 2293 καὶ
724 2253 803 2295 roo}
833 2253 1033 2306 ssoepssoe'povf
1057 2252 1164 2302 ἰδεῖν,
1190 2256 1251 2292 καὶ
1283 2259 1347 2297 τῆς
1380 2257 1467 2306 ipis
1502 2257 1586 2295 κατ’

144 2320 257 2357 αὐτ-ὂν
287 2317 431 2365 οἱφιένοιι
459 2317 510 2359 το)
532 2319 642 2366 βέλη.
674 2320 780 2368 Εἴξοις
812 2318 859 2362 δέ
890 2316 942 2358 οἶν
972 2320 992 2357 0⁸
1026 2320 1215 2362 θεσπέσιος
1246 2318 1435 2371 &epau-05,
1473 2322 1584 2370 οἱνέβη

143 2383 212 2433 μὲν
240 2383 286 2426 εἴς
307 2402 385 2423 rna
407 2385 557 2438 orv'pyor.

188 2449 326 2484 Asserit
357 2450 477 2492 itaque
494 2450 739 2485 Theodoretus
767 2451 884 2494 ipsum
914 2453 948 2485 S.
975 2451 1161 2491 Jacobum,
1189 2452 1377 2495 prraemo
1406 2452 1586 2494 hortante,

145 2504 352 2539 ascendisse
370 2505 405 2538 in
425 2513 548 2540 muros
565 2510 599 2540 et
618 2507 783 2540 hostibus
801 2507 1042 2541 maledixisse.
1063 2508 1104 2540 Ut
1121 2507 1167 2540 ab
1185 2507 1253 2541 hoc
1270 2516 1378 2541 sensu
1406 2508 1588 2542 recederet

145 2562 181 2593 et
196 2559 304 2593 atium
322 2559 502 2594 sufficeret
529 2560 696 2594 inductus
724 2560 844 2595 forsan
869 2561 977 2595 suerit
1002 2562 1176 2604 Georgius
1195 2562 1404 2596 testimonio
1433 2563 1586 2596 aliorum

145 2617 344 2654 auctorum,
363 2614 424 2656 qui
442 2614 543 2649 urbis
570 2615 818 2650 liberationem
838 2617 1015 2659 prraemi
1042 2616 1210 2659 precibus
1237 2617 1413 2651 tribuunt.
1436 2617 1587 2658 Quibus·

147 2674 226 2700 cum
245 2667 406 2702 sentiunt
420 2668 457 2702 S.
476 2668 662 2709 Epnraemz·
680 2670 770 2703 Acta
794 2671 848 2709 (B.
867 2672 905 2704 Ο.
928 2672 953 2710 1,
971 2680 1031 2713 pp.
1051 2672 1093 2704 30
1109 2674 1145 2704 et
1161 2673 1232 2712 3¹),
1251 2675 1286 2704 et
1300 2671 1586 2714 Abulpharagius

147 2720 183 2754 in
199 2721 360 2756 Historia
377 2723 629 2764 dynastiarum
649 2723 831 2765 (thidem).
