1737 2950
760 205 1054 246 —144—

197 330 444 375 intentionc
478 329 768 388 suscipiatur.
807 327 904 373 Non
940 328 1058 373 enim
1089 327 1256 373 sufficit
1290 334 1337 373 ut
1373 340 1522 373 escam
1555 327 1624 373 ori

196 407 491 467 denegemus,
521 406 602 452 sed
634 406 781 452 omnia
815 405 1012 451 membra
1046 419 1069 450 a
1104 405 1239 451 rebus
1276 404 1424 451 noxiis
1455 404 1624 451 servari

196 489 374 542 oportet
382 520 499 528 ......
538 482 714 541 Jejunat
747 496 799 527 os
833 496 856 526 a
893 495 1023 540 pane,
1055 480 1229 539 jejunet
1261 495 1362 526 eum
1395 494 1449 526 eo
1490 480 1622 526 etiam

197 559 365 619 lingua,
397 573 451 604 ne
483 559 690 618 loquatur
721 557 965 616 superflua,
995 557 1160 616 quibus
1179 555 1398 615 jejunium
1432 557 1475 601 in
1500 555 1623 602 dam-

196 650 298 680 num
325 635 529 680 vertitur.
561 634 605 679 Si
626 633 846 692 jejunium
873 632 1020 678 simile
1047 638 1170 678 esset
1197 632 1335 686 melli,
1365 631 1445 678 sed
1471 632 1625 693 lingua

195 713 285 759 felli
314 713 500 758 intincta
524 717 663 760 esset,
695 711 957 769 rejiceretur
991 709 1185 756 dulcedo
1224 709 1345 755 illius
1370 709 1429 756 ob
1453 710 1623 756 admix-

195 790 361 835 tionem
380 788 705 834 amaritudinis.
733 787 1117 843 Quemadmodum
1143 787 1262 831 enim
1289 786 1374 832 mel
1395 800 1496 832 cum
1523 787 1625 834 felle

194 867 461 926 permixtum
484 880 570 911 non
594 871 869 924 acceptatur,
902 864 959 908 ita
986 877 1068 908 nec
1086 863 1305 922 jejunium
1331 877 1432 908 cum
1461 863 1625 910 invidia

193 943 480 1001 conjunctum
516 941 781 1000 suscipitur.
810 939 986 998 Jejunat
1012 953 1064 984 os
1090 953 1113 983 a
1140 952 1270 997 pane,
1293 938 1499 997 jejunent
1522 953 1622 986 cum

193 1034 246 1064 eo
290 1020 422 1064 etiam
471 1019 588 1064 oculi
600 1055 740 1063 .......
791 1017 929 1062 Etiam
981 1030 1137 1061 manus
1177 1030 1260 1060 una
1301 1029 1402 1061 cuin
1445 1017 1625 1063 eaeteris

194 1096 407 1141 membris
437 1094 641 1153 jejunent
675 1100 716 1138 et
752 1107 773 1137 a
811 1099 938 1152 raptu
972 1092 1242 1138 abstineant.
1285 1093 1380 1138 Hoc
1416 1092 1548 1138 inodo
1585 1093 1624 1138 si

194 1179 334 1217 totum
371 1186 539 1230 corpus
576 1170 901 1216 sanctificatum
939 1170 1042 1221 erit,
1072 1170 1110 1214 si
1138 1169 1441 1229 cogitationes
1468 1168 1623 1228 purili-

193 1255 302 1293 catae
345 1255 387 1293 et
430 1247 625 1292 membra
668 1245 904 1291 emundata
945 1251 1100 1297 erunt,
1144 1245 1421 1304 suscipietur
1463 1259 1622 1303 purum

186 1325 424 1384 jejunium,
455 1324 573 1383 quod
603 1324 721 1368 nulla
747 1323 1073 1368 obtrectatione
1101 1322 1368 1381 permixtum
1395 1329 1465 1368 est
1517 1342 1539 1363 »

261 1387 525 1460 Hujusmodi
563 1401 660 1446 loca
697 1401 886 1459 plurima
923 1399 1070 1445 afferri
1106 1406 1308 1458 possent.
1355 1400 1534 1446 lnterim
1570 1414 1624 1446 ex

195 1479 249 1524 iis
281 1494 380 1537 quae
415 1479 646 1537 bucusque
683 1478 953 1536 protulimus
993 1477 1120 1522 vides
1155 1484 1393 1536 utrumque
1427 1477 1622 1536 scripto-

193 1569 283 1599 rem
334 1555 493 1600 iisdem
541 1568 663 1612 saepe
705 1553 873 1604 verbis,
916 1553 1142 1598 similibus
1191 1553 1322 1598 etiam
1373 1552 1532 1613 figuriS
1581 1559 1626 1599 et

194 1630 470 1688 metaphoris
504 1643 633 1675 usum
668 1642 799 1681 esse,
846 1629 904 1673 ita
937 1635 984 1673 ut
1017 1629 1088 1673 vix
1123 1628 1308 1674 dubium
1349 1642 1452 1674 esse
1490 1634 1625 1689 queat

192 1707 378 1752 alterum
415 1706 543 1752 alteri
575 1705 734 1751 ducem
772 1704 912 1750 fuisse
948 1711 991 1749 et
1025 1710 1483 1763 praemonstratorem.
1516 1706 1623 1753 Haec

194 1790 347 1828 nostra
381 1781 614 1828 conclusio
648 1796 700 1826 ex
736 1794 789 1826 eo
824 1781 1041 1832 firmatur,
1071 1780 1192 1839 quod
1218 1780 1271 1825 ad
1303 1780 1622 1827 commendan-

191 1859 295 1904 dum
342 1865 385 1904 et
435 1857 748 1903 illustrandum
785 1854 1013 1917 jejunium
1057 1870 1244 1913 purum,
1289 1855 1419 1901 ambo
1466 1857 1621 1903 eadem

191 1935 394 1993 exempla
433 1933 682 1993 producant
722 1939 767 1978 et
808 1933 1013 1978 evolvant
1055 1946 1107 1978 ex
1144 1931 1292 1977 Veteri
1334 1932 1622 1979 Testamento

190 2011 472 2071 deprompta,
502 2010 689 2070 Moysis,
729 2024 770 2055 v.
801 2024 867 2069 g.‚
895 2009 1021 2062 Eliae,
1051 2008 1273 2061 Estheris,
1301 2008 1615 2063 Ninivitarum,

190 2096 278 2134 etc.
303 2089 445 2133 Ambo
471 2087 621 2139 etiam,
646 2094 693 2132 ut
711 2086 902 2132 doceant
925 2087 979 2131 ab
1007 2086 1160 2145 iniquo
1180 2085 1353 2145 jejunio
1372 2087 1619 2133 cavendum

191 2177 311 2215 esse,
349 2162 594 2208 ostendunt
628 2161 713 2207 hoc
745 2168 787 2206 et
820 2175 843 2206 a
877 2161 1210 2220 peccatoribus,
1248 2161 1406 2220 quales
1439 2161 1620 2209 suerunt

190 2238 342 2284 Achab
379 2244 423 2284 et
454 2236 648 2289 JezabeI,
679 2242 722 2282 et
754 2237 808 2281 ab
846 2236 1088 2288 haereticis,
1119 2250 1234 2295 quos
1260 2237 1549 2296 serpentibus
1575 2238 1619 2283 in

189 2313 302 2359 locis
328 2312 536 2358 obscuris
561 2311 833 2372 degentibus
858 2325 909 2357 ac
933 2317 1095 2356 terram
1134 2311 1475 2358 comedentibus
1505 2312 1619 2359 assi·
1687 2337 1693 2365 .-

191 2389 362 2441 milant,
392 2388 591 2434 exerceri
618 2386 684 2448 (ι).

255 2465 410 2524 Neque
446 2459 595 2509 solum
637 2462 710 2508 ubi
754 2463 809 2508 de
845 2462 1016 2521 jejunio
1059 2463 1168 2522 agit,
1209 2477 1363 2510 verum
1404 2463 1536 2510 etiam
1573 2464 1617 2509 in

232 2640 277 2674 (¹,
305 2637 371 2669 cst.
393 2637 579 2679 aphraatis
597 2636 765 2675 Homilia,
787 2636 819 2676 §s
837 2638 868 2677 5,
895 2637 928 2675 6,
955 2641 990 2669 ei
1015 2636 1098 2668 alibi
1129 2635 1284 2677 passim;
1313 2636 1421 2670 lsaaci
1449 2635 1619 2678 Carmen,
1668 2623 1683 2631 ⁶

190 2701 242 2724 vv.
268 2692 303 2723 18
319 2692 383 2723 225
399 2714 418 2732 A,
435 2692 499 2723 570
516 2700 601 2732 seqq
623 2717 631 2730 ,
647 2695 713 2723 etc,
