1737 2950
723 152 992 195 -35-

137 280 273 327 tradit
310 280 351 325 in
391 286 517 326 sexta
553 281 853 326 Homz'lz'arum
879 295 990 341 quas
1016 281 1070 326 de
1094 282 1367 326 Hexaemero
1390 294 1577 341 compo-

136 356 243 402 suit.
278 357 364 402 [sta
390 356 550 403 scribit
580 373 588 404 :
623 376 644 398 c<
674 357 793 404 Mille
820 357 923 403 anni
950 362 1160 417 tanquam
1187 357 1285 404 dies
1312 372 1398 403 una
1433 372 1457 403 a
1484 358 1577 404 Deo

137 433 440 486 aestimantur;
485 436 609 479 mille
643 437 760 480 enim
793 437 903 480 anni
938 441 1043 480 ante
1075 436 1224 480 oculos
1270 437 1444 481 Domini
1485 450 1579 481 una

135 517 243 556 sunt
281 512 390 556 dies,
429 510 515 556 Sex
557 517 704 557 autem
737 511 836 557 dies
863 511 1030 572 quibus
1062 511 1330 571 prodierunt
1360 518 1580 558 creaturae

137 586 239 632 anni
279 593 386 633 sunt
422 585 471 648 (1)
512 588 682 641 mundi,
726 588 801 648 qui
840 602 918 634 sex
955 602 1174 634 annorum
1214 588 1352 634 millia
1385 589 1580 635 fortasse

136 664 384 710 exstiturus
411 664 486 718 sit,
519 665 577 709 ita
604 672 649 711 ut
677 671 878 712 vertente
913 679 1131 712 annorum
1166 666 1451 712 millenorum
1477 679 1582 726 sep-

137 741 243 786 tima
268 742 458 802 periodo
485 743 662 789 desinat
687 743 898 797 mundus,
927 742 1106 789 deficiat
1131 757 1294 790 cursus
1321 758 1472 790 rerum
1516 752 1578 799 et,

138 821 364 880 completo
392 820 518 867 6000
544 836 762 868 annorum
789 822 1034 875 curriculo,
1065 823 1195 882 quies
1221 823 1445 869 adveniat
1476 844 1498 865 n
1522 852 1584 858 —

139 898 277 943 Paulo
304 905 409 958 post
434 901 583 960 pergit
611 899 654 944 S.
690 900 857 945 Doctor
886 915 895 943 ς
923 918 945 940 «
970 899 1050 944 Die
1076 899 1271 959 septimo
1298 900 1470 960 quievit
1494 902 1583 948 Do-

139 974 305 1025 minus,
353 975 557 1021 indicans
601 976 781 1021 nonnisi
826 973 952 1021 6000
996 990 1216 1022 annorum
1242 974 1290 1039 (a)
1324 990 1506 1023 cursum
1534 976 1586 1040 (3)

140 1053 307 1098 mundo
341 1067 611 1099 concessum
658 1054 728 1098 iri.
776 1053 854 1098 Die
891 1060 1020 1099 sexto
1063 1054 1269 1100 absoluta
1304 1061 1374 1100 est
1416 1055 1586 1102 creatio

139 1130 337 1175 omnium
367 1144 530 1182 rerum,
562 1137 608 1176 ut
633 1130 778 1176 discat
804 1130 999 1176 mundus
1032 1136 1237 1190 tempore
1270 1131 1450 1178 senario
1484 1147 1587 1179 sese

139 1213 337 1253 creatum
365 1221 466 1253 esse
488 1215 530 1252 et
553 1215 654 1266 post
683 1208 919 1266 periodum
948 1208 1170 1253 senariam
1196 1207 1329 1253 finem
1356 1208 1444 1254 sibi
1472 1209 1588 1255 futu-

140 1299 236 1330 rum
262 1285 327 1334 ιε).
359 1304 380 1325 »
400 1313 456 1318 -
481 1286 617 1330 Paulo
644 1291 748 1344 post
776 1284 937 1329 iteruin
965 1285 1120 1330 subdit
1144 1302 1152 1329 ς
1187 1286 1325 1330 «Non
1351 1285 1587 1347 indigebat

141 1363 292 1423 quiete
320 1363 555 1411 Dominus,
581 1363 656 1422 qui
685 1363 940 1408 nullatenus
968 1361 1179 1423 fatigatus
1203 1369 1318 1416 erat;
1350 1363 1429 1409 sed
1457 1378 1586 1423 pers-

142 1442 272 1501 picua
314 1441 612 1486 similitudine
663 1454 745 1486 nos
788 1439 944 1486 docuit
994 1440 1127 1486 finem
1172 1441 1388 1493 futurum,
1432 1443 1586 1487 mundi

143 1531 303 1577 nempe
330 1524 471 1563 rotam
494 1517 559 1576 (5),
585 1517 717 1563 simul
741 1530 790 1562 ac
811 1531 889 1562 sex
910 1531 1129 1562 annorum
1154 1518 1294 1563 millia
1314 1519 1584 1573 cucurrerit,

142 1600 418 1640 cessaturam
447 1608 527 1640 nec
545 1594 635 1651 jam
663 1594 985 1639 circumactum
1014 1594 1084 1640 iri.
1119 1614 1140 1635 n

214 1672 315 1715 Ha‘rc
345 1671 482 1732 igitur
510 1671 567 1716 ita
595 1672 657 1715 illi
686 1677 895 1716 auctores
923 1678 1232 1730 exposuerunt
1254 1678 1296 1718 et
1319 1678 1588 1728 statuerunt,

143 1749 434 1794 desuinontos
478 1747 672 1807 quisquc
716 1747 1060 1793 similitudinem
1107 1754 1241 1808 atque
1280 1749 1498 1796 rationem
1538 1764 1591 1796 ex

145 1901 179 1931 at
197 1897 402 1937 Sapienlem
431 1897 482 1929 vei
511 1896 695 1929 Doctorem
725 1904 921 1938 nunquam.
943 1897 978 1929 Si
998 1896 1106 1939 igitur
1134 1897 1208 1931 viro
1227 1898 1439 1933 doctissimo
1458 1900 1524 1934 hac
1548 1901 1592 1936 de

146 1961 182 1986 rc
209 1952 295 1985 tides
321 1951 386 1990 sit,
418 1952 609 1985 dicendum
638 1952 827 1985 Sermones
855 1952 896 1984 de
925 1960 988 1985 sea:
1012 1953 1134 1986 diebus
1162 1962 1204 1986 ex
1234 1954 1375 1997 Georgii
1412 1956 1592 1990 sententia

146 2007 278 2041 Jacobo
298 2007 489 2049 Sarngensi
509 2005 783 2040 adscribendos.

188 2065 235 2103 (1)
264 2064 372 2097 Nemo
402 2070 472 2096 non
503 2062 600 2096 videt
629 2062 778 2095 verbum
808 2071 881 2096 esse
913 2063 980 2097 hoc
1011 2064 1089 2098 loco
1118 2064 1162 2098 de
1191 2065 1433 2107 siqnz'fzcando
1457 2067 1594 2110 pluries

145 2118 318 2152 adhiberi.

190 2176 235 2213 (ἓ)
260 2174 341 2219 itm
357 2172 395 2217 131
421 2173 462 2206 ad
493 2174 646 2206 litterani
679 2184 684 2204 :
717 2172 798 2207 Nisi
823 2182 898 2207 senc.
929 2174 1062 2217 supple
1090 2184 1132 2209 ex
1161 2181 1328 2210 contextu
1359 2187 1366 2210 :
1400 2178 1591 2213 Annorum

147 2243 274 2276 millia.

190 2299 222 2337 (3
263 2298 328 2331 Pro
353 2305 472 2346 ..ιφμ
500 2294 666 2336 5051)ῙοοΓ
681 2294 868 2336 legendum
885 2303 965 2329 esse
988 2305 1143 2349 ι-ζσιμρ,
1176 2309 1257 2335 cum
1275 2301 1589 2344 pendeatverbum

153 2362 246 2396 istud
265 2363 310 2396 ab
328 2359 526 2395 antecende
540 2350 675 2409 ὶ-Ξῇ-ὲρ
710 2379 717 2385 -
1042 2349 1049 2356 ”

191 2430 237 2468 (4)
263 2423 383 2473 »ΧΑ
401 2428 539 2473 ἱμεο
560 2430 694 2474 dtu-‘2
712 2430 782 2477 ἰᾳσι
801 2456 810 2466 .
836 2430 886 2464 Ad
905 2431 1058 2465 liu-ram
1079 2442 1085 2464 :
1108 2432 1188 2466 Fuit
1213 2434 1383 2473 (creatus)
1410 2431 1501 2465 intra
1532 2440 1593 2466 sex

149 2494 254 2536 (dies)
273 2502 307 2530 et
327 2496 418 2531 intra
437 2507 499 2532 sex
515 2500 708 2539 (annorum
726 2497 851 2538 millia)
869 2497 1194 2532 consummabitur.

194 2554 240 2592 (5)
264 2551 514 2615 βῂνοκ,
545 2562 563 2587 a
594 2553 713 2588 radice
730 2553 849 2616 Ἣ
865 2582 874 2598 ,
906 2553 1012 2588 volvit
1032 2554 1084 2587 vel
1113 2555 1254 2587 volutus
1271 2559 1331 2593 est.
1350 2553 1465 2593 (hebr.
1494 2541 1584 2613 553)

150 2617 322 2660 derivata,
340 2625 395 2653 est
414 2624 505 2662 rota,
525 2620 608 2655 dein
633 2629 774 2661 currus,
795 2625 870 2655 tum
897 2621 1071 2663 quidquid
1100 2624 1186 2654 rotae
1213 2621 1329 2654 instar
1358 2621 1526 2661 volvitur,
1557 2626 1595 2655 ut

151 2675 291 2717 sphaera
309 2675 478 2710 coelestis.
