1737 2950
789 204 1087 247 ..22ss-

224 321 445 378 defendit3
488 327 578 367 tum
620 334 673 367 ex
718 318 968 379 Scripturis
1011 317 1290 363 demonstrat
1329 315 1565 361 Israelita-³
1603 315 1652 360 in

223 412 360 445 unam
405 405 579 457 qentem
625 405 667 444 et
713 410 901 456 reqnum
949 407 1181 452 nunquam
1226 399 1539 452 conqreqatum
1592 392 1653 436 iri

224 477 295 536 (H.
337 474 470 535 XIX),
510 474 711 535 nihilque
746 478 903 520 contra
942 470 1178 531 religionis
1215 475 1382 516 nostrae
1421 468 1651 516 veritatem

223 553 370 599 afferri
419 566 557 612 posse
610 565 662 597 ex
717 549 955 611 praesentis
1007 547 1228 607 temporis
1271 546 1654 606 persecutionibus
1716 567 1717 570 =

223 630 293 689 (H.
325 627 461 688 XXI);
491 628 669 674 demum
695 626 982 672 difficultates
1009 638 1108 685 quae
1134 637 1223 670 non
1249 637 1272 668 a
1295 622 1466 669 Judaeis
1499 621 1649 675 modo,

225 705 305 752 sed
329 705 383 750 ab
411 704 656 750 incredulis
679 703 1041 763 quibuscumque
1077 701 1131 746 de
1159 706 1299 746 morte
1320 707 1362 746 et
1388 699 1655 758 temporibus

225 784 398 828 ultimis
424 782 495 841 (H.
526 781 661 839 xxll)
692 779 1013 840 ingerebantur
1037 783 1138 838 apte
1163 776 1390 823 dissolvit.

290 859 483 905 Homilz'a
514 860 559 911 V,
588 858 641 903 de
664 857 790 902 bellis
816 856 1051 916 inscripta,
1079 855 1119 901 ei
1156 854 1232 914 qui
1269 853 1322 899 ad
1360 853 1480 899 illam
1504 844 1655 899 consi-

226 935 465 982 derandam
491 934 684 994 primum
722 932 898 979 accedit
933 931 1216 992 aliquatenus
1242 930 1435 977 obscura
1458 929 1651 976 videtur.

228 1015 383 1075 Neque
419 1020 583 1066 tamen,
613 1018 660 1058 ut
696 1010 929 1057 contendit
963 1011 1005 1056 J.
1036 1010 1083 1056 S.
1113 1009 1389 1056 Assemanus
1415 1005 1481 1071 (ι),
1516 1021 1654 1054 sensu

227 1091 472 1152 allegorico
504 1089 559 1135 de
591 1103 744 1149 pugna
778 1088 1002 1149 spirituali
1041 1086 1335 1148 intelligenda
1367 1091 1460 1139 est;
1501 1098 1654 1132 verum

229 1170 270 1213 in
298 1182 365 1221 ea,
394 1173 609 1227 quantum
636 1180 689 1212 cx
721 1165 923 1225 ejusdem
961 1170 1117 1210 tenore
1153 1163 1371 1225 colligere
1407 1162 1526 1216 licet,
1563 1175 1657 1223 prae

228 1244 373 1291 oculis
400 1243 533 1288 habet
557 1247 714 1288 auctor
740 1242 904 1288 bellurn
941 1255 964 1286 a
1001 1241 1171 1301 Sapore
1197 1240 1235 1284 11
1261 1245 1417 1286 contra
1442 1239 1658 1286 Constan-

231 1322 372 1367 tinum
414 1319 622 1380 Magnum
660 1324 860 1379 paratum
897 1317 949 1378 (2)
984 1323 1028 1363 et
1062 1317 1213 1363 forsan
1249 1315 1339 1376 jam
1384 1316 1655 1377 incoeptum,

230 1406 363 1460 atque
387 1397 531 1443 amico
556 1410 657 1450 suo,
687 1402 734 1442 ut
758 1396 952 1441 animum
990 1395 1029 1440 ei
1067 1394 1216 1448 addat,
1245 1394 1438 1454 probare
1474 1399 1661 1440 conatur

231 1477 458 1522 Romanos
499 1473 706 1518 hostibus
742 1472 871 1518 facile
908 1471 1169 1532 superiores
1207 1470 1400 1516 futuros.
1442 1469 1660 1526 Quoniam

230 1567 338 1599 vero
366 1551 470 1611 ipsi,
500 1555 655 1610 utpote
691 1549 775 1596 sub
811 1549 983 1595 ditione
1019 1549 1142 1609 regis
1181 1549 1418 1594 Persarum
1455 1547 1657 1608 degenti,

233 1645 285 1677 ex
322 1628 516 1674 amicitia
551 1640 657 1687 erga
694 1633 890 1673 exteram
933 1631 1113 1687 gentem
1151 1631 1306 1685 aperte
1347 1625 1659 1685 pronunciata,

235 1722 335 1769 quae
353 1706 445 1766 jam
470 1704 637 1764 saepius
663 1704 1029 1764 persecutionum
1067 1703 1110 1747 in
1149 1702 1431 1748 Christianos
1462 1702 1663 1748 decreta-

233 1797 330 1829 rum
356 1796 490 1828 causa
514 1781 763 1834 exstiterat,
785 1794 960 1827 summa
986 1780 1096 1825 mala
1120 1778 1318 1825 timenda
1344 1778 1553 1832 fuissent,
1583 1793 1665 1826 nec

237 1861 468 1919 Saporem,
518 1871 601 1904 nec
648 1857 876 1904 Romanos
923 1856 1123 1917 propriis
1172 1855 1430 1902 nominibus
1477 1869 1666 1916 usquam

237 1936 449 1997 appellat,
478 1934 558 1980 sed
585 1934 817 1980 involucro
845 1933 1088 1994 figurarum
1115 1947 1166 1978 ex
1194 1932 1426 1992 Scriptura
1457 1932 1664 1993 desump-

237 2019 380 2058 tarum
400 2011 668 2057 sententiam
690 2024 814 2056 suam
835 2010 1108 2063 dissimulat,
1134 2011 1348 2070 Saporem
1369 2008 1452 2054 sub
1474 2008 1667 2070 imagine

239 2089 392 2135 arietis
419 2086 483 2149 (3),
513 2089 740 2133 Romanos
776 2093 922 2133 autem
960 2087 1044 2132 sub
1084 2086 1280 2145 imagine
1315 2090 1485 2146 quartae
1511 2085 1667 2132 bestiae

240 2165 429 2211 visionis
455 2164 694 2210 Danielicae
720 2162 767 2226 (4)
793 2163 1027 2209 exhibens.
1712 2157 1713 2162 ’

304 2242 542 2288 Homiliam
567 2241 762 2301 denique
798 2241 996 2287 omnium
1033 2239 1250 2293 ultimam,
1278 2238 1348 2284 cui
1384 2238 1542 2285 titulus
1571 2255 1579 2282 :
1610 2239 1670 2284 De

237 2322 381 2372 acino,
412 2318 634 2378 imprimis
671 2318 946 2378 exegeticam
973 2330 1075 2362 csse
1101 2315 1301 2362 ostendit
1329 2315 1426 2375 ipse
1452 2315 1665 2375 scriptor,

239 2396 343 2441 dum
371 2394 498 2440 initio
535 2394 665 2439 tinem
704 2393 790 2438 sibi
827 2392 1111 2452 propositum
1147 2391 1345 2437 declarat
1384 2390 1533 2436 verbis
1569 2402 1669 2450 quae

242 2473 281 2516 in
310 2471 592 2532 paragrapho
618 2470 852 2530 superiore
879 2470 1124 2515 attulimus.

286 2633 334 2671 (t)
361 2632 395 2663 B.
415 2631 453 2663 Ο.
476 2631 500 2669 Ι,
519 2639 553 2672 p.
573 2631 650 2664 557.

287 2687 332 2725 (Ξ)
363 2688 410 2718 lta
428 2685 585 2725 Sassius,
604 2685 664 2719 ubi
684 2693 803 2727 supra.

288 2743 333 2780 (3)
361 2742 445 2773 ban.
466 2741 555 2781 vill,
575 2743 606 2774 5.

285 2796 333 2835 (4)
362 2796 445 2828 Dan.
467 2796 537 2835 vn,
557 2797 587 2827 7.
