1737 2950
721 199 773 204 —
830 173 911 215 317
971 199 1019 204 ——

160 299 407 347 Salvatoris
442 299 607 353 nostri,
643 312 743 359 quae
776 298 911 344 scalae
947 298 1091 345 instar
1133 307 1283 346 erecta
1325 299 1423 345 suit.
1465 299 1608 348 Porro

159 376 405 424 summitati
438 376 573 422 scalae
609 375 830 421 Dominus
863 375 1164 431 innitebatur;
1205 391 1344 437 supra
1375 377 1606 424 Christum

159 453 278 500 enim
297 460 368 499 cst
388 453 607 498 Dominus
627 453 847 506 omnium,
870 453 1102 499 scribente
1126 454 1254 500 beato
1275 453 1498 513 Apostolo
1520 452 1568 517 (1)
1596 472 1603 501 :

160 531 305 590 Caput
344 531 512 577 Christi
555 532 672 576 Deus
712 538 793 577 est.
826 528 1015 577 Vocavit
1057 531 1255 577 Jacobus
1296 532 1445 576 locum
1484 532 1609 578 illum

160 609 338 663 Bethel,
356 609 509 669 ibique
530 608 572 653 in
596 608 905 655 testimonium
927 608 1071 654 erexit
1089 609 1344 654 columnam
1367 610 1607 669 lapideam,

160 688 232 734 cui
259 688 407 734 oleum
435 687 614 733 infudit.
648 688 761 732 Dum
789 693 936 733 autem
963 686 1138 746 lapides
1165 687 1379 733 unctione
1406 687 1608 742 donavit,

160 765 344 825 aliquod
379 765 541 810 iterum
575 764 840 825 mysterium
875 764 1251 824 praesignificavit
1289 770 1416 824 pater
1455 771 1613 811 noster

158 842 358 888 Jacobus
389 859 396 887 :
429 841 626 903 gentiles
653 842 771 887 enim
797 841 874 901 qui
898 841 941 886 in
963 841 1193 887 Christum
1220 842 1412 888 credunt
1438 857 1613 903 ungun-

161 927 251 975 tur,
293 926 430 981 prout
464 920 520 966 de
557 920 613 965 iis
646 919 760 965 dixit
789 920 989 965 joannes
1017 919 1064 979 (3)
1102 936 1109 964 :
1147 923 1215 965 Em
1252 921 1477 979 lapidibus
1513 923 1612 966 istis

157 1006 300 1058 potest
336 1001 454 1045 Dens
493 1000 717 1044 suscitare
747 999 864 1056 filios
893 1000 1104 1044 Ahrahoe.
1137 999 1291 1059 Itaque
1327 1000 1371 1044 in
1409 1001 1613 1047 oratione

160 1077 319 1123 Jacobi
361 1084 759 1137 praemonstratum
803 1083 873 1122 est
910 1077 1176 1138 mysterium
1213 1078 1466 1124 vocationis
1503 1093 1614 1140 gen-

162 1155 290 1201 tium.
345 1155 582 1215 Perpende
633 1155 788 1215 igitur,
841 1154 1096 1208 carissime,
1149 1163 1259 1215 quot
1307 1158 1522 1217 mysteria
1570 1158 1615 1203 in

163 1232 341 1278 visione
378 1247 464 1292 qua
497 1232 688 1278 donatus
733 1238 803 1278 est
841 1232 1039 1278 Jacobus
1082 1233 1318 1278 recondita
1356 1234 1464 1279 sint.
1495 1235 1617 1281 Vidit

164 1323 358 1370 namque
388 1297 571 1368 januam
606 1309 729 1363 coeli,
764 1324 865 1369 quae
900 1316 970 1355 est
1006 1309 1242 1364 Christus;
1279 1310 1391 1356 vidit
1427 1312 1611 1368 scalam,

164 1389 315 1433 crucis
343 1387 559 1448 figuram;
585 1388 778 1448 lapides,
805 1393 962 1448 typum
988 1388 1210 1448 gentium,
1235 1389 1379 1444 unxit,
1404 1391 1616 1452 vovitque

164 1464 364 1511 decimas
407 1465 514 1511 Levi
556 1464 744 1519 dandas,
792 1479 892 1511 cum
942 1466 986 1510 in
1037 1466 1138 1525 ipso
1187 1467 1532 1514 continerentur
1574 1475 1618 1515 et

163 1542 441 1588 decimarum
479 1543 740 1597 collatores,
772 1544 917 1604 etqui
952 1544 1179 1603 primitias
1210 1546 1441 1605 accepturi
1470 1553 1612 1593 erant.

164 1620 213 1665 In
260 1619 358 1679 ejus
401 1620 569 1666 lumbis
612 1627 709 1666 erat
751 1621 926 1667 catulus
970 1622 1118 1667 leonis
1159 1623 1318 1675 Judas,
1358 1630 1401 1669 et
1444 1624 1488 1669 in
1531 1625 1617 1671 hoc

164 1698 498 1744 recondebatur
540 1713 618 1744 rex
662 1698 871 1755 Messias,
917 1699 995 1759 qui
1038 1700 1254 1746 unctione
1297 1701 1617 1762 praefiguratus

164 1775 263 1820 fuit.
295 1775 460 1821 Tribus
486 1789 587 1835 quae
614 1775 658 1820 in
687 1776 788 1835 ipso
821 1776 1021 1822 latebant
1053 1777 1254 1823 decimas
1288 1778 1460 1824 Levitis
1486 1793 1617 1825 vove-

165 1858 292 1905 runt;
333 1866 467 1912 reges
505 1852 582 1912 qui
622 1852 788 1898 lumbis
825 1852 1002 1899 inerant
1034 1867 1113 1899 cor
1148 1854 1245 1913 ejus
1279 1861 1538 1909 erexerunt,
1574 1862 1618 1902 et

165 1944 247 1990 per
272 1944 372 1976 eum
408 1936 637 1976 scrutatus
670 1936 738 1976 est
771 1930 964 1990 spiritus
997 1931 1320 1991 prophetarum
1355 1933 1537 1992 quinam
1564 1948 1617 1980 ex

167 2007 265 2067 ejus
291 2007 435 2067 stirpe
460 2006 685 2066 prodituri
713 2013 885 2053 essent.
918 2008 1030 2053 Dum
1056 2008 1298 2055 Jordanem
1327 2023 1429 2055 eum
1457 2010 1617 2056 baculo

167 2086 267 2132 solo
316 2085 510 2145 trajecit,
563 2085 820 2146 symbolum
863 2086 1175 2132 admirandum
1225 2102 1357 2133 manu
1400 2089 1613 2148 gestavit,

167 2162 356 2223 figuram
395 2161 574 2208 scilicet
609 2162 760 2207 crucis
796 2162 1036 2222 Prophetae
1075 2163 1243 2224 magni.
1279 2163 1347 2209 Ad
1385 2165 1618 2225 regionem

167 2239 433 2285 orientalem
468 2236 705 2299 profectus
743 2244 828 2292 est,
858 2239 964 2299 quia
998 2253 1049 2285 ex
1086 2239 1168 2286 hac
1203 2240 1277 2285 lux
1312 2241 1496 2300 populis
1522 2248 1620 2287 orta

170 2321 256 2362 est.
295 2313 509 2362 Accessit
542 2315 596 2361 ad
634 2321 820 2376 puteum
860 2313 993 2376 cujus
1028 2330 1080 2362 os
1121 2316 1270 2376 lapide
1307 2317 1614 2372 claudebatur,

171 2406 304 2453 quem
331 2393 487 2452 plures
514 2393 675 2439 tollere
703 2407 791 2438 non
817 2392 1053 2446 valebant;
1084 2393 1240 2453 plures
1268 2408 1461 2454 namque
1495 2401 1622 2440 erant

170 2475 398 2529 pastores,
428 2483 512 2516 nec
538 2470 735 2530 lapidem
765 2470 941 2517 auferre
967 2476 1010 2516 et
1044 2476 1231 2530 puteum
1257 2471 1434 2531 aperire
1460 2478 1620 2532 potue-

217 2645 263 2684 (1)
291 2643 482 2678 ICorintb.
503 2645 560 2684 xl,
578 2646 610 2677 3.

216 2699 263 2738 (Ξ)
290 2699 411 2732 matth.
434 2700 544 2738 lll,9.
