1737 2950
687 128 958 170 -67-

100 254 216 315 ginti
253 253 369 301 duos
403 255 571 316 scripsi
603 254 731 314 juxta
767 255 929 316 viginti
965 255 1056 302 duo
1099 256 1348 303 litterarum
1390 257 1537 318 signa.

100 330 285 378 Priores
321 330 479 379 decem
504 346 622 379 anno
648 331 982 379 sexcentesimo
1008 332 1358 395 quadragesimo
1383 339 1543 381 octavo

99 408 228 469 regni
254 407 515 463 Alexandri,
547 408 626 454 filii
654 408 852 470 Philippi
878 409 1157 466 Macedonis,
1187 411 1380 466 exaravi,
1410 418 1546 472 prout

97 499 122 531 a
157 484 245 531 fine
270 499 427 532 eorum
453 485 674 546 scriptum
696 492 790 539 est;
814 485 1055 533 duodecim
1080 500 1187 533 vero
1208 487 1543 548 subsequentes

97 562 337 624 composui
385 576 502 609 anno
551 563 884 610 sexcentesimo
943 564 1324 625 quinquagesimo
1384 565 1543 626 quinto

99 639 228 700 regni
255 639 515 686 Graecorum
534 645 578 685 et
597 640 921 694 Romanorum,
946 640 989 686 id
1011 646 1097 695 est,
1122 641 1253 702 regni
1278 639 1540 696 Alexandri,

97 730 214 762 anno
251 722 399 762 autem
439 716 676 777 trigesimo
720 717 879 777 quinto
918 717 1042 779 regis
1085 717 1395 764 Persarum.»
1434 719 1543 764 Item

98 796 417 842 Dissertationi
452 795 506 840 de
543 796 671 840 acino
707 808 971 855 expressam
1011 794 1198 854 subjicit
1232 794 1354 850 anni,
1385 794 1475 841 imo
1502 801 1546 842 et

97 871 269 919 mensis
304 871 573 932 scriptionis
599 871 934 918 annotationem
961 869 1010 934 (ι)
1041 888 1049 917 ;
1082 891 1104 913 «
1128 873 1372 930 Epistolam
1409 872 1542 928 hanc,

97 949 175 1004 ait,
204 948 258 994 ad
293 954 337 995 te
378 948 653 1002 scribebam,
682 948 824 995 amice
851 949 928 1003 mi,
960 963 1114 995 mense
1141 950 1347 1010 Augusto
1374 947 1471 1012 (Ab)
1498 948 1546 1011 (⁹2)

97 1025 201 1071 anni
227 1025 548 1072 sexcentesimi
575 1025 941 1087 quinquagesimi
975 1025 1091 1072 sexti
1123 1025 1253 1087 regni
1282 1025 1543 1080 Alexandri,

99 1102 178 1149 filii
225 1102 422 1163 Philippi
468 1102 746 1157 Macedonis,
793 1118 910 1150 anno
945 1109 1093 1150 autem
1135 1103 1374 1164 trigesimo
1419 1110 1547 1150 sexto

98 1179 302 1241 Saporis,
332 1179 457 1241 regis
484 1180 743 1226 Persarum.
780 1200 802 1222 »

162 1257 318 1312 Vides,
341 1263 389 1304 ut
414 1271 508 1303 rem
534 1257 692 1317 paucis
718 1257 1054 1311 contrahamus,
1079 1257 1350 1318 Aphraatem
1371 1260 1546 1304 Disser-

97 1336 287 1381 tationes
312 1349 418 1382 suas
450 1334 595 1380 amico
631 1334 816 1380 dedisse
855 1334 986 1380 annis
1022 1334 1282 1381 Graecorum
1309 1333 1421 1390 648,
1453 1334 1546 1381 655

97 1419 141 1459 et
166 1411 444 1473 6563'quos,
475 1412 514 1458 si
538 1412 669 1458 annis
690 1426 792 1459 aerae
819 1413 1109 1474 Dionysiana}
1130 1413 1385 1474 exprimere
1410 1415 1542 1470 velis,

97 1490 254 1536 decem
282 1489 460 1549 priores
499 1490 705 1535 Homilz'oe
745 1489 799 1535 ad
843 1504 1008 1536 annum
1037 1489 1273 1546 336-337,
1303 1491 1544 1538 duodecim

96 1580 198 1627 quae
232 1571 487 1626 sequuntur
528 1566 582 1611 ad
626 1580 790 1612 annum
818 1565 1055 1622 343-344,
1086 1566 1242 1613 ultima
1267 1567 1464 1628 denique
1490 1568 1544 1614 ad

97 1658 262 1689 annum
289 1641 383 1689 345
409 1643 646 1690 referenda
677 1644 779 1690 erit.
811 1643 921 1690 Cum
948 1650 1097 1690 autem
1134 1658 1187 1690 eo
1223 1650 1429 1706 tempore
1455 1658 1545 1706 quo

97 1721 269 1781 scripta
310 1735 391 1767 sua
428 1720 625 1767 exaravit
659 1726 833 1775 auctor,
857 1720 948 1780 jam
985 1720 1054 1767 vir
1087 1726 1225 1779 esset,
1262 1726 1312 1767 ut
1346 1721 1542 1776 videtur,

98 1797 403 1844 corroboratae
449 1797 622 1851 aetatis,
662 1798 766 1857 jure
804 1798 965 1844 merito
1009 1798 1113 1844 inde
1156 1798 1399 1858 collegeris
1442 1814 1542 1845 eum

97 1874 218 1920 circa
242 1888 407 1920 annum
444 1872 538 1919 280
564 1873 630 1936 (3),
660 1875 730 1920 vel
759 1888 845 1920 non
873 1874 1013 1920 multo
1051 1880 1174 1934 post,
1204 1880 1248 1920 et
1282 1881 1405 1921 certe
1441 1882 1542 1921 ante

100 1950 274 1996 initium
296 1950 450 1996 saeculi
474 1950 529 1996 lv
550 1950 593 1995 in
615 1951 761 1997 lucem
788 1950 957 1996 editum
984 1964 1104 1997 esse.
1129 1951 1239 1996 Nam
1260 1957 1305 1997 et
1323 1965 1541 1997 summam

97 2041 191 2086 prae
217 2041 267 2073 se
293 2026 379 2073 sert
404 2027 641 2074 Sacrarum
667 2027 939 2074 Litterarum
965 2027 1218 2082 scientiam,
1247 2041 1380 2088 quam
1405 2028 1544 2074 altera

97 2103 250 2163 operis
276 2104 422 2150 nostri
448 2109 574 2164 parte
602 2103 746 2151 fusius
773 2118 1076 2164 exponemus;
1101 2110 1145 2151 et
1165 2104 1430 2151 auctoritate
1452 2119 1539 2151 non

141 2306 188 2345 (1)
215 2306 277 2339 Ed.
297 2306 466 2350 Wright.,
484 2316 519 2350 p.
546 2309 657 2354 μοι
683 2329 691 2337 .

141 2361 190 2401 (2)
215 2362 386 2404 Syrorum
405 2371 562 2403 menses,
590 2365 735 2400 lunares
757 2373 839 2400 cum
869 2366 954 2407 sint,
985 2367 1197 2402 nominihus
1221 2367 1316 2412 apud
1345 2379 1412 2406 nos
1439 2372 1543 2417 vulgo

98 2417 294 2458 usurpatis,
308 2417 530 2452 adamussim
548 2421 699 2463 exprimi
727 2426 922 2465 nequeunt.
945 2423 1133 2458 Brevitatis
1164 2427 1281 2458 tamen
1305 2433 1426 2466 causa,
1446 2427 1543 2461 inva-

98 2468 163 2503 luit
195 2479 282 2505 usus
313 2475 351 2505 ut
379 2473 510 2517 singuli
541 2474 695 2518 singulis
729 2477 916 2511 mensibus
942 2478 1122 2512 solaribus
1151 2479 1471 2532 quibusomaxima
1502 2491 1543 2516 ex

98 2539 198 2577 parte
212 2537 432 2579 respondent
447 2539 768 2583 aequipararcntur.
786 2543 833 2575 Ex
849 2543 914 2577 hac
931 2551 1056 2578 norma
1071 2544 1208 2578 mensis
1231 2537 1295 2582 *nl
1316 2575 1325 2590 ,
1351 2547 1411 2587 qm·
1425 2558 1445 2580 α
1465 2557 1544 2581 nco-

98 2591 217 2623 menia
236 2592 394 2634 Auyusci
416 2594 556 2635 incipit,
571 2597 752 2639 Augustus
771 2597 880 2631 latine
897 2599 1068 2641 appellari
1087 2602 1285 2635 consuevit.

144 2646 191 2684 (3)
220 2646 268 2679 lta
288 2647 443 2687 Sassius,
466 2648 606 2691 Protey.
628 2651 662 2683 iu
685 2652 886 2691 Aptaraaiis
903 2662 1082 2687 sermones
1102 2655 1275 2697 homilel„
1296 2666 1331 2698 p.
1352 2658 1380 2688 ῖ-
