1737 2950
789 168 1027 208 -5.-

180 307 336 341 versas
361 299 494 353 atquc
523 293 876 346 introductione,
909 293 1032 339 notis
1059 299 1102 339 ct
1128 294 1467 340 commentariis
1505 295 1634 340 illus-

183 376 340 424 tratas,
387 370 605 416 continet.
649 369 761 415 Sunt
804 375 951 415 autem
998 370 1087 416 illae
1130 376 1282 430 partes
1324 387 1331 415 :
1379 373 1630 429 cateqoriae,

182 454 399 495 tractatus
427 451 511 509 περὶ
540 451 756 509 ἑρμηνείας,
787 461 866 493 seu
892 448 946 493 de
972 449 1360 506 interpretatione,
1395 454 1438 494 et
1472 450 1633 507 analy-

186 528 275 571 tica
297 528 470 583 priora.

251 600 298 645 4⁰
342 601 453 647 Cod.
500 601 603 647 add.
654 599 834 654 12,154
883 600 1122 646 exhibetur
1167 601 1379 646 collectio
1426 601 1634 647 undecim

185 679 506 736 Epistolarum,
537 693 648 738 quas
676 675 905 737 Georgius
932 677 984 722 ad
1014 678 1134 723 viros
1163 677 1205 722 in
1234 683 1352 723 statu
1381 679 1635 724 monastico

185 755 407 815 degentes
442 761 517 800 ant
550 755 591 799 in
625 755 769 800 sacris
807 754 1045 800 ordinibus
1082 755 1361 800 constitutos
1395 755 1637 815 rescripsit

187 831 242 877 de
268 832 602 892 quaestionibus
633 831 686 876 ad
723 831 857 876 tidem
894 831 964 876 vel
1004 831 1312 876 eruditionem
1345 831 1636 877 christianam

188 908 519 968 spectantibus.
564 908 730 961 Tertia,
767 912 925 967 quarta
956 913 1001 952 et
1036 907 1192 966 quinta
1228 907 1281 952 ad
1320 908 1636 968 presbyterum

185 983 389 1037 Josuam,
420 984 463 1028 in
491 998 608 1043 pago
643 983 768 1028 Anab
803 984 1049 1033 reclusum,
1081 983 1268 1028 directae
1303 990 1425 1028 sunt.
1458 984 1637 1039 Quartae

186 1066 352 1112 autem,
400 1060 442 1104 in
487 1060 695 1120 Lagardii
747 1060 978 1104 Analeetz's
1023 1061 1226 1118 Syriacis
1275 1059 1425 1111 editae,
1478 1072 1636 1104 novem

190 1136 343 1182 insunt
386 1136 550 1195 capita,
597 1149 789 1195 quorum
835 1135 917 1180 tria
960 1135 1112 1194 priora
1152 1135 1208 1180 de
1252 1135 1464 1194 Sapiente
1502 1136 1638 1180 Persa

191 1218 329 1273 agunt
354 1219 415 1266 ct,
439 1227 462 1257 3
490 1213 716 1273 Wrigbtio
743 1212 892 1257 denuo
921 1212 1040 1271 typis
1069 1211 1291 1264 mandata,
1318 1211 1472 1256 Latina
1499 1211 1637 1257 inter-

189 1290 442 1349 pretatione
470 1305 586 1335 nunc
614 1290 806 1349 primum
833 1303 855 1333 a
884 1288 1016 1333 nobis
1040 1288 1203 1333 donata
1225 1287 1338 1332 infra
1365 1288 1629 1347 prodibunt.

258 1367 400 1412 Porro
428 1367 581 1411 barum
608 1366 910 1423 Epistolarmn
950 1364 1195 1424 Georgium
1236 1363 1440 1423 gentium
1479 1377 1641 1422 reapse

193 1450 420 1489 auctorem
449 1457 551 1488 csse
578 1443 697 1487 clarc
723 1441 935 1487 evincunt
955 1446 998 1486 et
1025 1441 1158 1486 varia}
1180 1440 1421 1499 scriptoris
1442 1441 1638 1500 appella-

194 1521 359 1574 tiones,
391 1521 484 1580 qui,
512 1526 559 1565 ut
591 1525 714 1579 patet
741 1533 791 1564 cx
828 1518 960 1564 titulo
988 1518 1213 1563 universae
1240 1517 1500 1563 collectioni
1529 1531 1640 1577 prze-

196 1598 355 1649 misso,
387 1595 647 1657 Episcopus
673 1596 757 1641 suit
783 1613 804 1635 «
832 1595 1237 1647 Tlianuelizeorum,
1267 1593 1572 1654 Tughzeorum
1600 1600 1643 1639 et

195 1674 511 1727 Akulensiuni,
541 1692 562 1714 »
592 1687 671 1718 scu
698 1671 895 1717 Arabum
921 1671 1280 1717 Christianorum
1309 1668 1375 1731 (1),
1401 1676 1443 1716 et
1464 1676 1642 1730 tempus

197 1751 481 1810 scriptionis,
513 1758 605 1795 tum
638 1750 743 1795 alibi
776 1748 966 1808 pluries,
999 1755 1091 1792 tum
1131 1748 1184 1792 ad
1218 1748 1385 1792 calcem
1424 1747 1644 1807 cujusque

198 1827 525 1873 lucubrationis
551 1831 830 1872 annotatum.
858 1825 937 1868 1113
963 1824 1082 1869 enim
1110 1837 1337 1882 responsa
1360 1823 1645 1882 quadriennii

199 1903 347 1963 spatio
383 1903 502 1963 quod
540 1903 594 1947 ab
631 1916 747 1947 anno
788 1899 880 1944 714
917 1900 989 1944 ad·
1012 1897 1104 1943 7118
1144 1899 1432 1958 protenditur
1471 1906 1647 1945 exarata

199 1994 320 2032 csse,
355 1993 406 2024 cx
434 1977 788 2023 indicationibus
823 1976 1034 2021 finalibus
1067 1982 1349 2035 compertum
1389 1975 1521 2021 nobis
1556 1981 1642 2021 cst.

246 2143 292 2182 ti)
317 2136 527 2187 μὲαὲὶρο
556 2135 720 2186 μάζῃ
748 2134 915 2185 maja?
952 2176 960 2183 ο
993 2137 1095 2170 tliscc
1124 2137 1334 2171 nominibus
1361 2137 1540 2179 designari
1568 2139 1649 2169 Ara-

202 2211 287 2243 bum
307 2206 592 2242 Cbristianorum
615 2207 730 2239 tribus
748 2205 802 2239 vel
831 2204 994 2238 ciuitates
1020 2207 1159 2236 certum
1185 2207 1240 2236 est
1284 2205 1330 2236 De
1359 2203 1492 2238 Akztla.
1513 2211 1592 2244 quae
1619 2207 1653 2236 ct

204 2263 344 2305 Cepha,
359 2261 432 2303 jam
451 2267 554 2295 antea
574 2264 621 2303 (p.
643 2262 662 2294 Ξ
693 2260 784 2298 dixi;
810 2255 931 2305 μὰς
962 2276 1001 2282 -
1028 2266 1119 2300 quos
1150 2258 1325 2299 Taytzaeos
1354 2257 1477 2296 latine,
1509 2257 1652 2290 nemine

206 2327 583 2371 [iraeeunte,appettax·i
605 2330 639 2359 ct
656 2334 747 2367 quos
765 2334 806 2358 cx
825 2330 944 2367 etymo
961 2327 1059 2361 vocis
1073 2328 1243 2359 nomades
1258 2334 1320 2359 seu
1332 2329 1495 2358 errantes
1511 2332 1655 2367 expres-

205 2383 281 2416 sius
298 2381 444 2419 dixeris,
458 2399 497 2404 -—
516 2381 662 2423 quinam
682 2380 766 2417 sint,
786 2379 915 2412 docent
936 2380 1000 2413 viri
1024 2379 1226 2413 doctissimi
1249 2378 1503 2421 paynesmitn.
1519 2378 1553 2411 in
1568 2378 1654 2411 Tne-

204 2447 311 2471 sanro
342 2438 501 2478 Syr-iaco,
520 2436 562 2468 ad
594 2436 685 2468 banc
711 2444 848 2473 vocem,
869 2440 903 2469 ct
922 2436 999 2468 Gut.
1020 2435 1238 2478 Wrigbtius,
1259 2434 1293 2467 in
1315 2434 1506 2475 Cataloyue
1535 2433 1574 2475 of
1598 2433 1655 2466 the

206 2493 331 2533 Syriae
359 2492 447 2525 MSS
486 2492 522 2523 in
549 2493 607 2523 the
635 2491 773 2524 Brilish
800 2491 979 2530 Muscam,
1010 2491 1054 2531 tt,
1085 2500 1119 2532 p.
1149 2491 1215 2524 988
1245 2490 1278 2523 b.
1313 2490 1364 2522 De
1396 2488 1653 2532 Titanztpliaeis,

206 2553 410 2602 pfla‘jg,
427 2556 515 2589 nibil
532 2556 675 2598 quidem
697 2555 854 2598 reperire
874 2555 993 2598 potui;
1013 2559 1068 2588 ast
1087 2555 1193 2597 bujus
1212 2554 1278 2588 loci
1304 2559 1496 2588 contextus
1515 2553 1596 2588 illos
1613 2552 1656 2586 ad

209 2626 369 2660 eamdem
390 2625 543 2658 Arabum
563 2633 625 2658 scu
644 2624 764 2657 Akulae
783 2622 969 2656 dioeccsim
988 2621 1211 2664 pertinuisse
1229 2621 1378 2654 omnino
1396 2619 1601 2661 persuadet,
1621 2603 1658 2649 ιιι

211 2682 340 2723 cuique
359 2681 506 2715 obvium
525 2685 591 2713 est.
