1737 2950
448 373 470 434 ἓ
507 374 552 420 2.
595 389 797 420 Erisrotffi
835 388 997 420 cnonoii
1034 388 1176 419 carim
1215 388 1323 419 rma.

233 537 485 584 Venerandi
506 537 709 598 Georgii,
731 537 947 597 Episcopi
971 537 1375 589 Tlianueliaeorum,
1393 536 1613 596 Tughaeo-

164 630 262 662 rum
288 620 333 661 et
356 614 672 667 Akulensium,
703 628 978 674 responsum
1006 614 1060 659 ad
1088 614 1280 674 quaesita
1308 627 1487 666 novem,
1519 613 1614 673 qui-

166 692 250 739 bus
275 691 425 752 ipsum
453 691 750 751 interrogavit
775 691 1016 751 presbyter
1043 692 1249 736 reclusus
1274 691 1430 737 Josue.

230 767 409 813 Amanti
443 774 488 813 et
524 767 700 813 timenti
740 768 898 821 Deum,
939 767 1065 812 fratri
1101 767 1327 827 spirituali
1365 773 1408 812 et
1444 767 1611 812 dilecto

164 844 208 889 in
250 844 452 898 Christo,
494 845 587 889 Mar
616 845 775 898 Josue,
806 844 1078 904 presbytero
1116 850 1160 890 et
1194 844 1374 889 recluso
1410 843 1452 888 in
1492 857 1610 904 pago

160 920 304 975 Anah,
335 921 577 982 Georgius,
607 935 773 981 parvus
800 922 843 966 in
871 921 1064 967 Domino
1091 921 1159 981 (1),
1190 920 1398 966 salutem.

226 998 293 1044 Ne
315 1003 441 1058 putet
467 998 743 1044 Fraternitas
765 1003 837 1043 tua
863 999 1136 1050 veneranda,
1167 1012 1220 1044 ex
1247 998 1317 1044 Sui
1344 1003 1607 1057 contemptu

158 1075 228 1121 vel
254 1089 306 1122 ex
333 1075 563 1122 oblivione
589 1081 663 1121 aut
690 1075 969 1136 negligentia
995 1076 1231 1135 hucusque
1259 1082 1476 1121 moratum
1505 1088 1608 1121 esse

159 1164 228 1197 me
254 1151 498 1212 quominus
525 1165 608 1211 pro
634 1151 795 1211 exigua
823 1165 921 1196 mea
947 1151 1156 1197 facultate
1182 1152 1511 1211 responderem
1538 1151 1604 1196 in-

157 1226 564 1288 terrogationibus,
602 1242 714 1287 quas
753 1228 926 1287 scripto
964 1228 1256 1288 consignatas
1293 1229 1347 1274 ad
1374 1242 1444 1274 me
1481 1228 1606 1273 misit

154 1319 236 1364 per
277 1312 451 1351 castum
489 1304 537 1366 (ᾇ)
574 1305 840 1366 Georgium,
881 1306 1130 1365 patruelem
1170 1320 1300 1351 suum
1336 1312 1379 1351 ct
1420 1305 1603 1351 fratrem

153 1382 451 1442 spiritualem.
490 1382 682 1429 Noverit
719 1389 865 1428 autem
902 1383 1135 1428 dilationis
1171 1383 1285 1429 lianc
1322 1383 1464 1429 fuisse
1503 1397 1604 1430 cau-

153 1472 247 1504 sam
279 1476 286 1504 :
319 1473 438 1505 nunc
471 1459 655 1520 quidem
691 1459 1064 1519 impedimentum
1096 1461 1382 1520 negotiorum
1417 1474 1518 1520 quae
1549 1461 1603 1506 ad

154 1549 224 1582 me
251 1542 337 1581 tam
363 1536 485 1582 domi
512 1551 645 1597 quam
681 1536 794 1582 foris
823 1542 1048 1596 spectant,
1091 1551 1210 1582 nunc
1250 1551 1354 1583 vero
1393 1538 1601 1597 corporis

153 1611 457 1668 infirmitates,
487 1626 587 1672 quae
613 1613 735 1667 huic,
766 1619 901 1672 prout
927 1620 1142 1666 meretur,
1171 1627 1278 1659 vere
1314 1614 1602 1660 adhaeserunt

150 1693 195 1733 et
236 1687 378 1734 aflixae
420 1695 542 1735 sunt.
588 1689 645 1735 At
689 1690 733 1733 in
776 1690 1010 1750 praesenti,
1057 1690 1270 1750 quoniam
1313 1691 1366 1736 ab
1411 1697 1600 1751 utraque

150 1765 358 1811 molestia
390 1765 621 1825 paululum
653 1767 881 1826 respirare
914 1767 1023 1811 mihi
1058 1767 1180 1821 licet,
1221 1768 1474 1822 confidens,
1502 1768 1598 1814 fore

149 1847 196 1886 ut
221 1847 409 1900 propter
434 1842 667 1888 orationes
701 1849 882 1888 sanctas
910 1843 1223 1890 Fraternitatis
1256 1851 1343 1891 tuae
1380 1846 1597 1891 Dominus

152 1917 205 1962 ad
249 1918 335 1964 hoc
377 1931 494 1977 opus
537 1918 892 1965 imbecillitatem
933 1933 1075 1966 meam
1113 1921 1355 1975 confortet,
1397 1923 1597 1968 conabor

144 2096 185 2127 Αι
203 2093 397 2137 quominus
415 2093 471 2127 liic
495 2093 591 2127 illam
621 2094 955 2137 interpretationem
986 2097 1172 2130 admittam
1201 2097 1272 2131 duo
1297 2098 1441 2132 obstare
1470 2099 1590 2132 viden-

145 2153 227 2183 tur:
249 2153 422 2192 punctum
441 2149 579 2183 scilieet
597 2151 758 2184 ultimam
777 2153 941 2185 vocabuli
961 2183 968 2190 ,
986 2152 1088 2203 {sese
1108 2152 1260 2185 litteram
1280 2153 1476 2196 excipiens,
1495 2156 1591 2197 qued

144 2216 248 2250 finem
269 2216 529 2259 propositionis
548 2218 602 2251 vel
623 2218 726 2252 incisi
759 2219 832 2253 sere
862 2220 1011 2263 indicat,
1043 2228 1077 2256 et
1097 2218 1277 2252 ordinaria
1306 2222 1476 2262 Syrorum
1508 2232 1590 2265 syn—

142 2272 253 2311 taxis;
273 2272 406 2315 quippe
424 2272 483 2315 qui
504 2271 695 2314 infinitivo,
715 2277 832 2317 qualis
860 2284 913 2311 est
933 2282 1077 2323 proprie
1106 2275 1213 2334 15³2
1242 2270 1345 2335 (ξ),
1371 2286 1493 2312 vocem
1527 2280 1589 2312 de-

140 2340 406 2378 terminantem,
426 2344 463 2372 ut
485 2327 627 2379 l-i-&Cr
650 2359 658 2376 ‚
680 2349 910 2387 postponere,
930 2348 998 2380 nisi
1015 2348 1129 2388 fallor,
1143 2357 1214 2383 non
1234 2356 1444 2391 pra‘ponere
1456 2348 1575 2382 solent

183 2410 229 2451 (Ξ)
275 2406 366 2452 1321
411 2407 583 2448 primario
601 2414 658 2443 est
679 2415 812 2452 castus,
832 2416 1065 2456 verecundus,
1085 2418 1274 2455 ‘modestum
1293 2416 1500 2458 conlinei1s;
1520 2427 1586 2450 usu

140 2477 258 2507 autem
277 2472 522 2508 eeclesiastico
551 2476 664 2508 evasit
691 2476 840 2511 lionoris
867 2487 1012 2519 nomen,
1031 2482 1230 2521 monachis,
1251 2486 1376 2524 utpote
1401 2482 1586 2516 continen-

138 2528 222 2563 tiam
249 2534 283 2563 et
307 2528 509 2564 castitatem
535 2530 724 2574 protessis,
743 2533 851 2568 tribui
878 2536 1039 2577 solitum,
1058 2538 1186 2572 eodem
1215 2539 1322 2572 modo
1351 2547 1423 2581 quo
1452 2547 1582 2572 nomen

136 2583 366 2625 adjectivum.
393 2584 526 2628 μω..
555 2591 713 2629 sanctus,
735 2589 832 2630 pius,
852 2591 895 2624 ‹le
920 2592 1106 2633 Episcopis
1126 2594 1336 2628 reverentiae
1360 2595 1583 2628 declarandae

136 2655 242 2682 causa
261 2650 423 2684 adhiberi
441 2654 642 2687 consuevit.
