1737 2950
680 160 952 201 -49-

99 284 170 330 nis
197 283 344 329 finalis
372 289 576 343 tempore
602 289 735 344 atque
758 283 1021 328 imminente
1043 283 1152 329 hora
1173 283 1544 337 resurrectionis,

97 360 328 421 accipiens
371 360 569 420 Spiritus
606 360 799 406 Sanctus
843 360 917 420 qui
964 360 1007 405 in
1050 360 1247 420 puritate
1291 361 1548 407 custoditus

98 437 231 484 fuerit
258 437 347 482 vim
374 451 580 498 magnam
607 451 659 482 ex
686 443 842 483 natura
868 451 964 490 sua,
993 436 1035 482 in
1061 443 1357 498 conspectum
1381 437 1550 484 Christi

97 513 264 567 veniet,
297 520 341 560 et
366 513 502 560 stabit
527 513 652 573 juxta
685 520 840 574 portas
866 513 1114 560 coemeterii
1142 514 1216 560 ubi
1243 514 1411 575 sepulti
1446 519 1552 561 sunt

99 591 176 652 qui
202 605 252 638 se
285 591 328 636 in
363 590 558 652 puritate
596 597 906 645 servaverunt,
943 605 1084 637 cornu
1126 590 1325 637 sonitum
1363 605 1548 651 exspec—

98 674 217 714 tans.
251 668 337 715 Ubi
363 682 471 714 vero
497 668 647 729 angeli
668 674 822 728 portas
842 668 944 715 coeli
967 674 1069 714 ante
1090 681 1244 729 regem
1267 668 1546 729 aperuerint,

98 751 206 792 tunc
241 759 382 792 cornu
421 759 578 792 vocem
616 745 808 799 emittet,
851 745 1056 791 buccinae
1094 745 1355 806 clangorem
1397 745 1547 798 edent,

100 830 161 878 et,
209 824 360 871 sonitu
403 823 575 878 audito,
625 823 840 884 Spiritus,
871 823 947 884 qui
983 824 1292 884 exspectabat,
1341 824 1550 884 sepulcra

100 900 370 947 festinanter
405 900 582 960 aperiet
620 906 663 946 et
689 913 887 960 corpora
918 906 1053 960 atque
1089 900 1133 945 id
1167 899 1289 961 quod
1321 899 1367 945 in
1395 900 1451 947 iis
1477 915 1548 947 se·

100 977 275 1038 pultum
302 982 373 1024 est
397 976 653 1023 suscitabit.
684 996 705 1017 »

167 1055 222 1100 Et
253 1054 387 1114 paulo
427 1060 568 1114 post:
612 1053 745 1099 «Hic
783 1053 1000 1114 Spiritus,
1041 1067 1175 1114 quem
1214 1055 1449 1114 prophetae
1486 1069 1552 1101 re-

101 1137 320 1192 ceperunt
363 1144 539 1191 nosque
574 1130 744 1191 pariter
781 1131 1055 1191 recepimus,
1085 1145 1175 1177 non
1202 1131 1420 1178 continuo
1444 1137 1553 1178 tem-

103 1222 230 1269 pore,
261 1208 403 1255 amice
431 1209 508 1262 mi,
545 1208 662 1269 apud
702 1222 781 1254 eos
818 1209 1045 1255 invenitur
1081 1209 1247 1269 quibus
1284 1209 1414 1255 datus
1453 1215 1548 1262 est;

67 1344 70 1347 Ι
103 1293 146 1333 at
170 1301 289 1333 nunc
315 1286 369 1332 ad
391 1300 492 1333 eum
519 1301 541 1332 a
568 1301 657 1347 quo
685 1286 854 1332 missus
880 1293 950 1333 est
976 1286 1084 1340 abit,
1116 1301 1235 1333 nunc
1259 1301 1367 1333 vero
1393 1287 1446 1332 ad
1475 1301 1553 1333 eos

102 1364 224 1410 venit
259 1363 335 1424 qui
371 1363 519 1423 ipsum
562 1369 852 1423 acceperunt.
891 1363 1006 1409 Audi
1046 1377 1146 1423 quae
1185 1363 1298 1409 dixit
1335 1364 1554 1410 Dominus

103 1448 260 1489 noster
288 1458 296 1486 2
328 1443 389 1489 Ne
415 1443 710 1488 contemnatis
735 1456 877 1487 unum
902 1455 959 1487 ex
983 1443 1054 1487 his
1083 1443 1268 1500 pusillis
1292 1444 1371 1501 qui
1408 1445 1455 1487 z'n
1487 1457 1555 1488 me

102 1522 308 1579 credunt,
328 1521 437 1580 quia
457 1521 609 1580 anqeli
634 1534 785 1566 eorum
810 1522 860 1566 in
881 1521 1004 1566 ecelis
1028 1534 1202 1579 semper
1221 1521 1373 1566 vident
1391 1522 1553 1578 faciem

103 1601 256 1647 Patr-Is
281 1601 367 1645 mei
393 1599 460 1660 (1).
493 1599 577 1645 Hic
604 1599 744 1660 igitur
768 1599 965 1659 Spiritus
992 1613 1095 1646 sese
1121 1599 1243 1646 omni
1269 1605 1474 1660 tempore
1500 1601 1554 1646 ad

105 1677 245 1724 Deum
267 1676 460 1730 confert,
485 1689 636 1722 coram
658 1690 712 1722 eo
739 1682 844 1730 stat,
875 1676 1034 1723 faciem
1057 1677 1203 1738 ipsius
1224 1678 1556 1738 contemplatur

105 1760 148 1802 ct
173 1754 290 1815 apud
318 1768 418 1801 eum
452 1754 747 1814 conqueritur
781 1754 835 1800 de
872 1754 948 1801 illo
987 1755 1063 1815 qui
1101 1755 1270 1815 templo
1297 1770 1320 1801 a
1346 1769 1395 1802 se
1429 1755 1553 1800 inha-

106 1832 244 1879 bitato
271 1838 590 1879 nocumentum
621 1831 765 1879 affert.
797 1852 818 1873 n

169 1909 324 1963 Vides,
366 1909 502 1955 frater
540 1909 723 1961 dilecte,
765 1915 976 1969 quantam
1020 1909 1321 1970 ignorantiam
1360 1910 1555 1970 prodant

104 1987 179 2033 illa
204 1987 358 2040 verba,
394 1999 634 2047 quemnam
661 1987 878 2033 honorem
907 1987 1095 2047 Spiritui
1135 1987 1300 2034 Sancto
1334 1987 1549 2039 tribuant,

106 2063 213 2124 quid
242 2063 515 2110 intellexerit
541 2069 698 2109 auctor
724 2077 805 2124 per
832 2064 937 2109 illos
965 2063 1163 2110 fidelium
1199 2064 1405 2125 angelos,
1437 2078 1552 2124 quos

106 2145 297 2187 testatus
323 2146 394 2187 cst
425 2140 645 2186 Dominus
682 2134 838 2186 noster
882 2140 1042 2187 faciem
1085 2141 1233 2187 Patris
1267 2141 1337 2187 sui
1371 2154 1553 2201 semper

105 2217 274 2265 videre.
304 2218 411 2264 Haec
436 2218 592 2265 eadem
620 2219 845 2264 sententia
873 2219 964 2265 illis
996 2219 1129 2265 etiam
1154 2219 1427 2279 proponitur
1452 2232 1552 2279 quae

106 2295 226 2342 circa
260 2295 394 2342 finem
431 2297 769 2342 Dissertationis
806 2297 860 2342 de
902 2298 1232 2342 resurrectione
1275 2303 1551 2342 mortuorum

107 2379 373 2428 occurrunt;
404 2387 505 2434 quae
531 2380 720 2434 propter
757 2374 984 2420 sermonis
1022 2373 1327 2434 prolixitatem
1367 2374 1439 2419 hic
1477 2389 1552 2420 ex-

108 2449 313 2496 scribere
340 2464 430 2496 non
453 2450 615 2497 ausim.

175 2527 269 2574 lllis
295 2527 488 2584 relictiS‚
519 2542 620 2589 quae
646 2542 794 2584 menS,
818 2534 865 2575 ut
885 2528 976 2575 dici
997 2529 1131 2584 solet,
1151 2528 1275 2575 nullo
1301 2528 1486 2590 negotio
1506 2528 1553 2590 (2)

153 2684 200 2724 (ἰ)
224 2683 333 2718 Nullo
351 2683 502 2725 ueyotio.
526 2684 601 2718 Duo
619 2683 694 2717 haec
711 2683 883 2717 vocabula
902 2683 1023 2717 addidi
1050 2683 1086 2717 in
1118 2683 1353 2717 translatione
1382 2682 1554 2716 claritatis

1419 2749 1445 2789 6
