1737 2950
668 171 717 175 -
775 145 857 186 223
914 170 964 176 -

86 273 283 327 videtur,
323 272 445 333 quod
489 272 691 332 scriptor
728 271 1014 318 Christianos
1052 270 1271 316 Seleuciae
1300 276 1344 316 et
1386 269 1529 316 Ctesi-

87 351 256 411 phonte
281 356 617 396 commorantes
644 364 736 409 prae
763 348 940 395 caeteris
967 348 1231 394 nominatim
1258 361 1529 394 commemo-

85 434 169 474 rat.
223 428 286 473 Ex
334 428 535 485 Epistola
584 427 683 486 ipsa
731 425 774 471 id
818 426 998 472 demum
1041 432 1236 479 constat,
1291 426 1333 470 in
1383 425 1534 472 varios

88 505 263 551 illarum
312 505 550 565 regionum
600 504 795 550 clericos
848 502 1157 557 «avaritiam,
1209 503 1528 557 ambitionem,

88 581 422 643 neglectionem
473 595 728 630 munerum.
780 580 1076 632 discordiam,
1130 581 1341 640 rixasque
1393 580 1533 641 irrep-

87 661 224 707 sisse.
257 659 433 716 Quibus
470 659 594 705 vitiis
621 665 667 704 ut
695 659 1002 711 mederentur,
1034 658 1250 719 Episcopi
1279 659 1535 718 Mesopota-

88 737 189 783 miae
224 737 451 797 synodum
479 764 540 769 ——
566 750 657 796 quo
695 737 795 782 loco
834 735 1066 782 nescimus
1088 763 1145 768 —
1175 742 1532 796 congregarunt,

87 823 131 862 et
155 815 407 875 Aphraates
434 821 482 861 ut
506 816 751 873 Epistolam
788 813 1053 874 synodicam
1092 814 1317 859 scriberet
1347 820 1417 860 est
1436 814 1536 872 jus-

88 908 185 946 sus,
237 893 333 938 sive
376 892 481 952 quia
523 892 732 938 doctrina
778 898 823 938 et
869 891 1127 938 eruditione
1178 892 1296 937 inter
1344 898 1537 937 caeteros

89 970 397 1031 praecellebat,
428 970 525 1015 sive
563 969 777 1029 quiajam
815 983 868 1015 eo
907 976 1110 1029 tempore
1147 969 1405 1029 Episcopus
1443 983 1537 1014 mo-

89 1047 275 1094 nasterii
303 1047 396 1092 Mar
423 1047 618 1092 Mattbaei
646 1046 950 1106 principatum
978 1046 1218 1106 quemdam
1259 1047 1377 1092 inter
1406 1046 1535 1105 Epis-

89 1140 232 1186 copos
258 1125 434 1171 vicinos
461 1124 696 1171 obtinebat
722 1123 786 1186 (1).
823 1143 844 1164 »

156 1203 277 1258 Quas
303 1216 410 1248 vero
437 1203 784 1247 Dissertationes
812 1215 900 1246 non
928 1200 1237 1260 respondendi
1274 1215 1427 1247 causa.
1457 1201 1536 1246 sed

89 1280 177 1326 alio
216 1279 412 1325 consilio
456 1279 652 1326 ediderit
693 1278 961 1338 Aphraates,
1000 1292 1076 1324 eas
1112 1293 1213 1324 eum
1258 1278 1447 1339 reliquis
1485 1278 1539 1323 ad

90 1356 299 1403 eumdem
327 1356 454 1402 illum
490 1356 682 1401 amicum
707 1369 838 1401 suum
864 1361 999 1415 atque
1025 1356 1335 1402 consultorem
1362 1355 1539 1401 direxe-

91 1434 166 1488 rit,
195 1447 250 1479 eo
275 1433 397 1494 quod
435 1433 554 1478 hunc
592 1439 750 1478 nosset
787 1432 993 1478 scientiae
1029 1446 1171 1478 sacrae
1209 1432 1471 1479 excolendae
1497 1438 1542 1477 et

90 1510 383 1557 addiscenda}
410 1510 728 1570 percupidum.

136 1704 158 1764 ἕ
185 1705 230 1751 2.
262 1721 312 1751 DE
339 1719 597 1752 110MlL1ARUM
625 1719 773 1752 INDOLE
800 1720 848 1750 ET
876 1720 1013 1751 EARUM
1042 1720 1081 1752 {N
1109 1719 1297 1757 QUASDAM
1324 1719 1492 1751 CLASSEs

657 1797 983 1829 DlSTRlBUTlONE.

160 1928 287 1974 Sicut
335 1927 574 1988 Aphraatis
622 1929 826 1973 Homilz'ae
874 1942 927 1974 ex
976 1928 1173 1973 diversis
1221 1928 1542 1974 occasionibus

95 2011 242 2051 ortum
288 2005 485 2050 habuere
530 2019 675 2064 neque
721 2005 838 2051 idem
882 2006 926 2050 in
969 2005 1180 2050 omnibus
1224 2006 1327 2050 {inis
1368 2006 1542 2050 auctori

93 2082 361 2143 propositus
410 2082 509 2135 fuit,
564 2083 638 2140 ita,
689 2088 891 2142 spectata
940 2082 1124 2128 materia
1172 2096 1303 2142 quam
1347 2083 1542 2143 singulte

94 2160 385 2220 potissimum
424 2159 613 2220 agitant,
645 2173 733 2205 non
774 2160 908 2205 unius
947 2167 1052 2205 sunt
1092 2159 1259 2205 indolis
1296 2166 1429 2218 atque
1469 2161 1543 2205 ba-

95 2236 332 2282 bitudinis.

163 2313 325 2359 Decem
364 2312 543 2371 priores
569 2313 639 2373 (a),
670 2320 836 2372 praeter
872 2313 1073 2373 quintam
1113 2319 1157 2358 et
1193 2321 1413 2366 octavam,
1457 2314 1543 2359 late

96 2396 235 2450 agunt
261 2395 354 2434 tum
380 2390 433 2435 de
457 2390 546 2446 fide
566 2390 714 2452 (Hom.
750 2389 797 2445 Ι).
832 2397 924 2435 tum
951 2390 1006 2435 de
1044 2390 1262 2450 operibus
1288 2404 1339 2436 ae
1365 2391 1542 2436 virtuti-

99 2467 181 2512 bus
229 2467 396 2527 quibus
445 2467 558 2513 fides
609 2467 778 2513 homini
824 2468 1073 2513 christiano
1124 2482 1227 2513 vere
1276 2469 1421 2528 prosit
1465 2483 1543 2514 scu

141 2637 188 2674 (1)
213 2634 282 2667 cfr.
305 2643 384 2676 quae
402 2643 523 2678 supra,
543 2645 576 2677 p.
597 2636 652 2673 80.
672 2635 716 2669 de
734 2636 955 2669 Matthaeanae
971 2635 1069 2669 sedis
1089 2635 1328 2678 praecellentia
1357 2636 1543 2668 habentur.

143 2692 190 2733 (2)
220 2693 397 2736 integram
417 2691 658 2731 Episcotarwn
678 2693 808 2726 seriem
828 2694 938 2726 habes
956 2702 1051 2735 sun,
1074 2701 1151 2734 pag.
1176 2694 1235 2725 132
1254 2701 1351 2733 seqq.
