1737 2950
655 129 947 170 -179—

76 255 160 310 sis,
194 256 394 301 Joannes
432 254 665 306 Darensis,
694 253 861 314 aliique
895 267 995 298 cuin
1028 253 1261 309 Jacobitae,
1287 259 1378 300 tum
1405 254 1520 300 Nes-

78 331 258 386 tor-iani,
311 331 475 378 nullam
524 330 729 377 Nisibeni
780 330 898 376 inter
944 330 1195 390 scriptores
1246 331 1520 377 mentionem

79 409 263 464 faciunt,
294 423 374 456 nec
396 408 643 470 quidquam
670 422 722 454 ex
750 422 802 454 eo
829 406 1058 453 adducunt
1085 407 1127 452 in
1157 407 1291 454 rebus
1319 408 1519 464 biblicis‚

78 487 148 533 vel
186 487 228 532 in
267 486 558 547 theologicis,
587 491 661 532 aut
697 486 740 531 in
782 484 1034 545 polemicis,
1065 484 1230 531 sivein
1270 485 1516 533 chronicis.

77 563 274 611 Jacobus
297 563 574 616 Edessenus,
599 562 861 623 praefationo
882 562 924 607 in
946 563 1164 608 Homz'lias
1186 562 1359 617 Severi,
1376 563 1526 610 laudat

80 641 386 701 Ephraemum,
425 640 582 686 Jacobi
622 639 765 686 nostri
803 638 1096 699 discipulum,
1140 640 1358 695 lsaacum,
1393 641 1523 686 Jaco-

80 718 184 765 bum
211 718 514 778 Sarugensem
541 723 584 763 et
619 717 916 763 Philoxenum
943 716 1290 778 Mabugensem;
1322 718 1378 765 de
1404 718 1524 764 Nisi-

82 795 197 841 beno
222 795 358 841 altum
387 794 634 843 silentium,
666 794 722 840 At
760 795 798 840 si
834 793 942 854 quid
975 793 1260 853 scripsisset,
1290 795 1344 841 ab
1379 796 1526 841 omni-

81 873 164 921 bus
195 873 351 934 utique
390 878 615 919 sectarum
651 872 850 918 omnium
888 870 1016 933 Syris
1055 872 1165 918 illud
1202 873 1524 927 celebraretur,

82 950 353 1011 exemplaria
379 950 637 996 extitissent
664 949 856 1010 plurima
877 949 994 1008 apud
1015 949 1272 1003 Maronitas,
1295 951 1526 997 Jacobitas

83 1035 127 1075 et
150 1027 466 1077 Nestorianos.
499 1027 697 1073 nondum
725 1027 808 1072 sub
833 1026 1004 1072 Jacobo
1045 1027 1087 1071 in
1125 1027 1346 1073 factiones
1374 1028 1528 1087 hujus-

81 1105 259 1152 cemodi
285 1104 483 1157 divisos;
525 1104 614 1150 imo
641 1118 778 1164 opera
803 1104 1006 1163 ejusdem
1034 1118 1056 1149 e
1084 1104 1268 1164 Syriaco
1296 1105 1341 1149 in
1369 1105 1528 1150 Arabi·

82 1197 182 1229 cum
210 1181 378 1242 potiori
399 1181 500 1240 jure
533 1195 752 1227 conversa
791 1181 984 1226 fuissent
1020 1195 1152 1241 quam
1192 1181 1529 1228 lucubrationes

83 1260 344 1307 Graecorum
395 1259 574 1304 Patrum
619 1259 661 1302 in
705 1258 942 1319 Syriacum
992 1263 1036 1303 et
1082 1258 1351 1316 Arabicumf,
1398 1264 1533 1319 atque

83 1337 196 1383 adeo
221 1336 415 1396 vestigia
450 1349 638 1395 operum
673 1334 830 1380 Jacobi
870 1335 1072 1394 reperire
1110 1342 1234 1381 esset
1266 1336 1384 1395 apud
1422 1336 1533 1382 Mel-

84 1414 230 1460 chitas
278 1419 323 1458 et
369 1412 565 1472 Coptos,
617 1411 691 1472 qui
742 1417 889 1457 tamen
939 1411 1050 1455 nihil
1098 1411 1154 1457 de
1199 1412 1387 1471 scriptis
1435 1412 1533 1471 ejus

87 1492 348 1551 loquuntur.
380 1489 727 1540 Abulbarcatus‚
757 1488 914 1534 Gabari
943 1488 1080 1545 filius,
1107 1496 1267 1535 auctor
1290 1489 1534 1550 AEgyptius

87 1567 199 1613 satis
239 1571 500 1619 accuratus,
548 1565 743 1611 indicem
784 1565 894 1611 texit
935 1565 1176 1618 librorum,
1225 1565 1300 1626 qui
1342 1565 1534 1612 Arabice

85 1644 203 1705 apud
242 1643 527 1690 Christianos
570 1644 815 1689 orientales
860 1643 1259 1696 circumferuntur,
1300 1649 1344 1690 et
1385 1649 1534 1690 tamen

88 1722 144 1769 de
169 1722 340 1768 Jacobo
367 1722 494 1768 nihil.
529 1721 803 1780 HebedJ'esu,
832 1721 1091 1781 Episcopus
1119 1721 1357 1775 Sobensis‚
1389 1721 1535 1780 scrip-

88 1805 159 1845 tor
185 1798 643 1860 Syro·Nestorianus,
674 1804 884 1843 recenset
910 1798 1172 1855 Gataloqmn
1209 1797 1303 1843 fere
1334 1797 1536 1843 omnium

90 1877 326 1938 Syrorum,
358 1875 547 1922 maxime
585 1889 740 1921 eorum
782 1875 858 1936 qui
885 1876 954 1921 vel
982 1875 1296 1921 Nestorianam
1325 1875 1535 1921 haeresim

88 1959 396 2007 antecessere,
426 1953 496 1999 vel
523 1952 725 1998 eamdem
751 1952 944 2012 amplexi
973 1956 1100 2004 sunt;
1135 1951 1403 1997 Nisibenum
1429 1965 1536 1997 vero

90 2044 145 2077 ne
172 2030 373 2077 nominat
398 2030 600 2090 quidem.
637 2049 658 2070 »

159 2108 405 2168 Hucusque
430 2107 727 2153 Assemanus.
759 2108 804 2153 Si
842 2107 945 2167 quis
982 2120 1090 2153 vero
1112 2111 1256 2166 putet,
1295 2120 1536 2167 argumen-

91 2190 182 2230 tum
219 2198 272 2230 ex
309 2184 594 2231 celeberrimi
639 2184 870 2230 Maronitae
907 2184 1175 2230 auctoritate
1211 2183 1393 2229 ductum
1433 2183 1537 2229 inde

91 2261 314 2315 enervari,
344 2261 466 2322 quod
495 2261 566 2306 liic
592 2267 767 2320 postea,
796 2262 838 2305 in
867 2261 1120 2319 Appendice
1151 2260 1352 2319 ejusdem
1382 2259 1488 2305 tomi
1521 2260 1536 2303 l

92 2350 185 2382 suae
213 2338 494 2383 Bibliothecae
519 2336 584 2398 (ι),
615 2337 874 2397 opinionem
913 2338 1064 2383 statim
1103 2338 1286 2383 relatam
1323 2342 1538 2382 retracta-

92 2413 223 2468 verit,
254 2414 536 2474 reponimus,
566 2428 727 2460 vanum
764 2428 865 2460 esse
905 2414 1023 2460 istud
1063 2414 1297 2474 effugium.
1332 2414 1388 2459 Ut
1419 2413 1538 2458 enim

96 2491 363 2536 sententiam
403 2498 594 2537 mutaret
632 2491 836 2537 eruditus
874 2492 956 2542 vir,
1009 2491 1130 2537 nullo
1168 2491 1255 2537 alio
1294 2496 1538 2546 moment0‚

140 2664 186 2702 (i)
215 2664 317 2705 vagg.
338 2665 401 2697 557
420 2667 455 2696 et
471 2665 547 2696 558.
