1737 2950
707 178 977 219 ..17-

125 299 280 360 aliqui,
309 312 362 345 an
390 299 433 343 in
462 298 550 344 alio
588 299 824 360 regionum
851 299 1268 359 circumjacentium
1294 301 1413 357 loco,
1444 302 1566 349 nullo

125 375 259 422 modo
281 375 414 422 nobis
443 375 673 422 revelavit.

191 453 319 509 Quod
372 458 520 499 autem
573 453 761 513 scripsit
808 454 1085 501 Fraternitas
1135 460 1209 501 tua
1263 470 1288 501 a
1335 456 1566 504 nonnullis

122 530 284 584 asseri,
310 557 372 564 —
392 531 667 590 discipulum
688 530 806 577 beati
833 532 927 577 Mar
950 531 1177 592 Ephraemi
1203 545 1303 578 eum
1329 532 1566 587 fuisse,—

122 608 280 655 falsum
320 614 407 656 est.
436 609 594 669 Neque
631 610 749 656 enim
787 609 993 657 doctrina
1029 610 1125 669 ejus
1162 610 1383 657 doctrinae
1421 611 1565 658 sancti

122 685 215 730 Mar
239 685 465 745 Ephraemi
493 686 734 747 imaginem
762 687 915 741 refert,
948 701 1094 747 neque
1121 687 1363 746 diversitas
1390 692 1563 748 tempo-

122 775 218 807 rum
261 762 427 822 quibus
463 762 715 809 docuerunt
757 763 888 810 ambo
930 764 1063 810 nobis
1107 764 1328 824 permittit
1370 771 1418 811 ut
1455 764 1564 811 illud

122 838 341 885 dicamus.
378 840 488 885 Nam
519 841 595 901 qui
633 847 818 888 vocatur
854 842 1045 902 Sapiens
1073 843 1212 888 Persa
1251 842 1566 889 innotescebat

122 922 331 977 tanquam
375 918 535 964 doctor
575 933 692 965 anno
735 919 995 966 Grsecorum
1041 918 1152 975 648,
1194 920 1393 981 itemque
1435 920 1564 966 annis

121 993 381 1040 eorumdem
413 993 505 1039 655
532 1001 576 1041 et
603 995 713 1051 656,
737 996 863 1056 juxta
890 997 1071 1043 modum
1098 1011 1241 1044 annos
1273 997 1564 1056 computandi

121 1076 165 1116 et
190 1070 508 1117 denominandi
537 1073 590 1118 ab
614 1072 868 1119 Alexandro
895 1073 958 1133 (ι).
992 1074 1167 1119 Etenim
1194 1073 1238 1119 in
1261 1075 1459 1132 Epistola
1494 1074 1565 1119 cui

120 1147 298 1192 titulum
324 1147 488 1193 indidit
517 1164 526 1196 :
558 1151 825 1196 Dissertatio
850 1151 903 1196 de
928 1158 1067 1196 morte
1092 1157 1133 1196 et
1160 1152 1429 1210 temporibus
1455 1152 1561 1195 alti-

120 1225 220 1278 mis,
252 1224 348 1270 liaec
373 1225 510 1271 tradit
541 1242 548 1270 :
582 1245 604 1267 «
630 1228 858 1273 Sermones
886 1227 969 1273 hos
997 1225 1056 1270 22
1084 1227 1321 1287 composui
1348 1227 1475 1286 juxta
1502 1225 1562 1271 22

121 1300 368 1347 litterarum
412 1301 635 1348 ordinem.
676 1303 842 1349 Decem
885 1303 1063 1362 priores
1108 1302 1275 1362 scripsi
1317 1317 1434 1349 anno
1471 1300 1564 1348 648

122 1376 249 1436 regni
274 1376 534 1431 Alexandri,
566 1378 643 1423 filii
680 1379 880 1439 Philippi
914 1378 1192 1433 Macedonis,
1224 1385 1359 1439 prout
1394 1379 1437 1423 in
1476 1379 1564 1425 fine

122 1466 276 1499 eorum
303 1460 502 1500 notatum
529 1460 617 1506 est;
648 1460 691 1501 at
716 1456 796 1501 hos
836 1453 894 1499 12
933 1455 1215 1515 posteriores
1241 1455 1409 1515 scripsi
1447 1469 1563 1501 anno

121 1528 213 1575 655
256 1530 386 1591 regni
425 1530 685 1578 Graecorum
723 1537 766 1577 et
803 1532 1126 1585 Romanorum,
1169 1532 1256 1578 hoc
1299 1536 1387 1586 est,
1435 1531 1564 1591 regni

120 1608 384 1662 Alexandri;
422 1624 538 1656 anno
570 1616 716 1656 autem
751 1609 811 1655 35
845 1611 1031 1671 Saporis
1066 1610 1133 1672 (a),
1164 1610 1288 1670 regis
1321 1609 1511 1657 Persiae.
1542 1629 1564 1651 n

122 1687 344 1733 Praeterea
385 1686 429 1732 in
466 1689 664 1746 Epistola
705 1702 837 1748 quam
885 1688 1122 1748 inscripsit
1161 1704 1170 1732 τ
1212 1689 1478 1733 Dissertatio
1513 1688 1568 1733 de

119 1766 262 1818 acino,
302 1765 361 1811 ita
397 1765 597 1825 loquitur
636 1782 644 1810 ;
681 1785 702 1806 «
729 1765 991 1812 Scribebam
1033 1765 1114 1810 tibi
1152 1765 1265 1810 hanc
1299 1765 1563 1823 Epistolam,

120 1841 261 1886 amice
282 1841 358 1895 mi,
384 1855 538 1888 mense
557 1841 624 1887 Ab
646 1841 883 1902 (Augusto)
907 1841 1010 1887 anni
1032 1839 1125 1887 656
1150 1841 1281 1901 regni
1300 1839 1561 1894 Alexandri,

123 2029 131 2038 .
175 2001 590 2063 ...νοῦς-ιω)
628 2000 880 2048 RQ?
914 1997 1002 2038 -Σ
1043 2032 1050 2039 .
1091 2000 1315 2048 μὲοοῖςο
1350 2000 1567 2048 Lada-„2

120 2087 154 2120 q.
171 2077 220 2115 d..
236 2086 310 2110 cera
325 2077 545 2117 Graecorum,
564 2077 667 2119 reyni
687 2077 895 2111 Groecorum
909 2080 941 2109 et
959 2076 1218 2117 Romanorum,
1232 2076 1335 2118 requi
1350 2076 1564 2110 Alexandri.

120 2133 323 2168 Cavendum
342 2139 461 2168 autem
480 2142 524 2168 ne
542 2137 736 2176 postremas
750 2133 830 2168 duae
847 2133 1108 2176 appellationes
1126 2141 1313 2176 perperam
1330 2133 1564 2176 accipiantur.

121 2189 240 2231 Neque
271 2189 382 2230 enim,
412 2193 450 2223 ut
475 2189 607 2231 aliquis
638 2180 758 2222 forsan
790 2197 831 2222 ex
861 2189 934 2221 illis
963 2188 1082 2232 colligi
1114 2195 1222 2230 posse
1248 2190 1402 2230 putaret,
1423 2187 1565 2220 initium

123 2243 219 2278 ducit
236 2252 305 2278 aera
325 2244 493 2287 praedicta
506 2253 525 2278 a
539 2244 652 2287 prima
670 2244 812 2288 origine
828 2244 1087 2278 dominationis
1098 2244 1301 2278 Graecorum
1315 2242 1350 2276 in
1362 2242 1499 2285 Syriam
1513 2242 1567 2276 vel

120 2309 164 2343 ab
175 2310 322 2345 exordio
341 2310 441 2354 regni
459 2310 647 2344 Alexandri
669 2310 798 2353 Magni,
819 2310 914 2343 seda
931 2318 1055 2344 mense
1072 2310 1215 2344 Octobri
1242 2294 1375 2363 (xa-,20
1394 2293 1567 2365 χ-οὶῗὰὶ)

120 2365 202 2399 anni
222 2369 304 2399 ante
321 2365 500 2399 Christum
518 2366 601 2404 512;
623 2365 703 2408 quia
724 2365 790 2399 hoc
807 2374 917 2404 anno,
937 2365 996 2407 qui
1015 2365 1251 2400 duodecimus
1264 2370 1319 2400 est
1332 2371 1414 2409 post
1427 2367 1564 2400 obitum

120 2420 307 2454 Alexandri
336 2421 451 2465 Magni
478 2425 512 2455 et
542 2420 679 2464 periodi
709 2421 861 2455 Julianae
889 2422 996 2460 ⁴402,
1032 2422 1226 2456 inchoante
1257 2421 1462 2465 olympiade
1489 2423 1565 2462 117,

121 2475 318 2518 computari
337 2480 494 2519 coeptum
509 2479 564 2510 cst
580 2476 718 2510 Seleuci
739 2475 913 2510 Nicatoris
926 2484 1088 2518 regnum.
1103 2476 1153 2511 Cf.
1168 2476 1298 2512 Petavii
1312 2477 1566 2511 stationarium

120 2533 333 2571 temporum,
351 2535 445 2573 part.
467 2532 509 2570 ΙΙ,
532 2531 592 2565 lib.
612 2532 645 2571 5,
665 2539 743 2573 cap.
764 2532 818 2565 13.

163 2584 211 2624 (Ξ)
236 2584 389 2627 Sapores
408 2585 452 2625 ll,
472 2584 574 2619 initio
592 2584 677 2618 anni
696 2585 760 2618 3¹0
780 2585 814 2618 in
834 2584 949 2620 lucem
981 2585 1114 2625 editus,
1132 2587 1203 2629 jam
1228 2585 1312 2620 inde
1328 2594 1347 2620 a
1365 2585 1564 2628 nativitate,

121 2637 194 2672 imo
221 2642 414 2681 antequam
442 2644 653 2673 nasceretur
688 2649 750 2673 rex
776 2639 892 2674 suerat
920 2640 1077 2682 agnitus.
1107 2641 1206 2675 Unde
1234 2640 1497 2684 computando,
1528 2644 1567 2674 ut

123 2690 196 2724 fieri
222 2692 326 2732 solet,
345 2700 364 2725 a
389 2693 549 2727 calendis
572 2693 748 2734 januariis
774 2694 1085 2733 antecedeiitibuS,
1114 2703 1232 2728 annus
1260 2696 1325 2728 655
1349 2695 1567 2733 Graecorum‚

1433 2749 1460 2789 2
