1737 2950
764 217 1059 261 -272-

195 345 501 407 pronuntiavit
526 344 745 392 Dominus
776 351 933 393 noster
956 351 1195 407 antequam
1220 346 1626 409 comprehendere-

194 430 280 470 tur.
322 424 452 476 Dein.
491 437 593 470 cum
630 423 796 484 pascha
833 422 1155 470 celebravisset
1196 430 1240 470 et
1280 437 1448 485 corpus
1494 439 1625 472 suum

191 500 414 547 edendum
440 500 800 562 sanguinemque
837 500 1082 560 potandum
1108 499 1399 561 praebuisset,
1427 502 1625 549 surrexit

190 584 234 624 et
258 592 359 625 cum
384 577 625 638 discipulis
652 591 701 624 se
727 576 919 624 contulit
942 577 996 623 nd
1024 577 1170 624 locum
1197 577 1241 623 in
1267 591 1357 639 quo
1376 577 1624 639 capiendus

189 662 299 702 erat.
331 656 415 715 Qui
441 670 609 716 corpus
646 669 776 702 suum
813 654 1011 702 comedit
1047 661 1092 701 et
1127 669 1257 702 suum
1294 655 1408 702 bibit
1438 656 1623 718 sangui-

187 748 287 780 nem
337 734 527 781 mortuis
574 739 915 787 annumeratur;
974 733 1175 794 propriis
1221 739 1369 780 autem
1415 733 1623 782 manibus

189 812 407 859 Dominus
432 818 605 865 noster,
634 817 872 872 antequam
899 810 1262 872 crucifigeretur,
1291 825 1459 873 corpus
1490 826 1620 859 suum

185 889 408 936 edendum
437 896 482 935 et
517 888 784 949 sanguinem
823 886 1068 934 bibendum
1094 887 1476 948 suppeditaverat.
1507 888 1619 935 Dein

185 972 315 1013 nocte
342 966 514 1012 decima
551 970 709 1026 quarta
745 965 1104 1025 comprehensus
1142 970 1230 1019 est,
1260 964 1450 1026 ejusque
1485 978 1619 1011 causa

185 1057 327 1104 usque
363 1043 417 1089 ad
454 1043 607 1089 horam
646 1048 816 1089 sextam
855 1055 1004 1088 coram
1036 1041 1270 1101 judicibus
1306 1042 1491 1103 agitata,
1531 1042 1618 1088 hoc

183 1126 385 1181 tempore
410 1120 736 1167 condemnatus
772 1126 816 1166 et
852 1119 894 1165 in
933 1133 1112 1166 crucem
1137 1126 1265 1166 actus
1291 1125 1442 1166 est...
1475 1120 1618 1166 Nocte

181 1213 288 1245 vero
329 1213 416 1260 qua
452 1205 642 1245 exeunte
687 1198 911 1245 illucescit
953 1198 1128 1258 primus
1166 1197 1459 1244 hebdomadae
1494 1196 1612 1251 die8‚

182 1275 335 1322 eadem
366 1275 474 1322 hora
499 1290 586 1336 qua
617 1289 784 1335 corpus
823 1289 952 1321 suum
989 1280 1034 1321 et
1070 1274 1338 1336 sanguinem
1374 1273 1615 1334 discipulis

180 1351 383 1407 dederat,
433 1352 680 1399 resurrexit
727 1366 751 1397 a
799 1351 989 1398 mortuis
998 1389 1095 1398 .....
1140 1351 1311 1398 Pascha
1355 1350 1614 1397 Judaeorum

179 1430 277 1477 dies
314 1436 384 1477 est
419 1430 593 1476 decima
629 1435 803 1490 quarta,
845 1436 1114 1490 noctemque
1150 1435 1194 1476 et
1229 1429 1349 1475 diem
1386 1429 1612 1489 complec-

179 1508 309 1562 titur;
352 1509 425 1554 illa
450 1513 595 1554 autem
622 1521 890 1568 parasceves
917 1507 1033 1562 dies,
1063 1522 1149 1567 qua
1176 1506 1403 1553 Christum
1430 1520 1612 1567 passum

178 1600 281 1632 esse
305 1585 515 1645 dicimus,
541 1585 639 1631 dies
666 1585 747 1631 fuit
774 1585 948 1632 decima
973 1586 1146 1646 quinta,
1177 1586 1282 1632 item
1315 1591 1447 1632 nocte
1473 1591 1516 1632 et
1540 1585 1614 1632 die

177 1664 515 1724 conjunctis...
539 1663 684 1710 Judaei
706 1670 888 1724 peccata
914 1678 994 1710 sua
1011 1663 1207 1725 singulis
1228 1664 1359 1711 annis
1385 1664 1608 1717 recolunt;

177 1755 261 1787 nos
299 1740 557 1787 memoriam
594 1740 875 1786 celebramus
912 1739 1222 1787 crucifixionis
1258 1746 1303 1786 et
1338 1740 1608 1801 opprobrio-

176 1832 273 1863 rum
310 1817 554 1864 Salvatoris
599 1817 759 1863 nostri.
803 1817 871 1862 Illi
914 1817 1031 1863 enim
1074 1816 1304 1876 paschatis
1346 1821 1549 1877 tempore
1585 1831 1609 1863 e

175 1880 391 1940 servitute
440 1892 685 1939 Pharaonis
733 1892 875 1953 erepti
919 1900 1039 1947 sunt,
1088 1899 1133 1939 et
1178 1892 1252 1939 die
1299 1891 1609 1939 crucifixionis

174 1969 350 2016 liberati
397 1984 553 2016 sumus
602 1983 685 2015 nos
732 1984 755 2016 a
797 1969 910 2031 jugo
959 1970 1159 2029 Satanae3
1211 1969 1498 2015 immolarunt
1542 1968 1607 2014 illi

173 2059 337 2106 agnum
362 2052 589 2107 sumptum
615 2061 639 2092 e
662 2059 804 2107 grege
840 2046 1005 2105 ovium,
1032 2045 1221 2107 ejusque
1257 2046 1478 2108 sanguine
1513 2058 1606 2092 ser-

172 2123 259 2168 vati
286 2129 390 2169 sunt
415 2123 469 2168 ab
494 2122 655 2183 angelo
681 2122 1049 2177 exterminatore,
1079 2128 1124 2169 et
1147 2136 1230 2169 nos
1256 2122 1478 2184 sanguine
1502 2120 1603 2166 Filii

171 2200 301 2246 electi
339 2201 568 2246 exonerati
605 2200 770 2247 fuimus
807 2200 1024 2261 operibus
1060 2200 1332 2261 perditionis
1358 2214 1458 2261 quae
1483 2200 1602 2247 fece—

170 2293 343 2332 ramus;
384 2279 474 2325 illis
497 2278 738 2339 praefectus
775 2285 869 2325 erat
906 2279 1105 2339 Moyses,
1134 2285 1179 2324 et
1205 2278 1337 2325 nobis
1360 2278 1495 2325 Jesus
1520 2277 1604 2324 fuit

170 2356 264 2400 Dux
292 2362 335 2401 et
360 2355 583 2407 Salvator;
625 2356 805 2415 Moyses
841 2369 991 2402 coram
1031 2355 1122 2401 illis
1154 2355 1310 2402 divisit
1332 2368 1470 2409 mare,
1499 2368 1598 2402 eos-

169 2446 254 2491 que
296 2432 488 2491 traJecit‚
534 2438 578 2478 et
620 2432 896 2493 Redemptor
938 2437 1093 2478 noster
1139 2431 1362 2478 infernum
1403 2431 1597 2492 aperuit,

166 2509 403 2570 portisque
428 2509 687 2564 confractis,
715 2523 802 2555 non
830 2509 975 2555 solum
1007 2509 1174 2554 aditum
1206 2509 1294 2554 sibi
1320 2508 1531 2569 patefecit
1554 2515 1599 2555 et

166 2586 219 2632 ad
262 2587 476 2633 interiora
517 2587 604 2633 loci
646 2586 915 2647 penetravit,
960 2586 1041 2633 sed
1088 2586 1254 2632 exitum
1301 2586 1494 2646 praebuit
1540 2585 1596 2632 iis

164 2662 374 2709 omnibus
399 2663 475 2723 qui
503 2662 545 2708 in
573 2663 721 2723 ipsum
746 2662 961 2716 credunt;
1006 2662 1069 2707 illi
1104 2675 1263 2707 manna
1293 2661 1443 2708 cibum
1467 2675 1594 2708 acce-

165 2747 351 2800 petunt,
405 2739 537 2785 nobis
582 2746 728 2786 autem
779 2739 996 2786 Dominus
1046 2746 1201 2785 noster
1248 2752 1416 2799 corpus
1464 2752 1591 2784 suum
