1737 2950
760 130 811 135 —
871 118 948 148 vm
1008 131 1058 137 -

183 244 317 276 causa
343 229 414 275 hic
446 229 673 275 nominem
704 245 713 276 :
744 229 952 283 alterum,
982 229 1050 275 Ill.
1084 230 1136 275 D.
1179 230 1363 284 Beelen,
1403 230 1478 291 qui
1513 229 1628 276 viam

185 318 359 378 primus
389 316 733 371 demonstravit,
767 315 904 362 editis
936 318 1053 362 binis
1077 318 1122 363 S.
1153 318 1393 364 Clementis
1413 318 1467 364 de
1490 319 1630 376 virqz'-

185 407 327 450 nitate
352 405 560 462 Epistolis
575 423 587 459 ;
617 404 824 458 alterum,
854 403 913 449 cl.
937 404 990 450 D.
1017 404 1172 464 Lamy,
1197 404 1463 465 magistrum
1484 418 1631 451 meum

187 493 581 548 colendissimum,
613 494 688 554 qui
717 500 765 540 ut
791 507 860 540 me
885 493 1048 554 primis
1086 493 1220 554 hujus
1254 494 1512 556 disciplinae
1544 495 1634 542 ele-

188 582 352 629 mentis
397 582 558 628 sedulo
602 581 840 636 imbuerat,
878 581 937 627 ita
977 581 1185 628 consiliis
1222 588 1267 628 et
1303 595 1465 643 magna
1500 581 1633 629 etiam

188 669 476 729 suppeditata
513 669 731 715 librorum
770 668 1134 715 necessariorum
1172 668 1303 729 copia
1339 668 1448 714 mihi
1477 669 1520 715 in
1547 668 1632 716 hoc

189 755 507 815 qualicumque
533 752 758 814 opusculo
785 756 1008 801 exarando
1035 756 1234 817 benigne
1260 755 1419 802 adfuit.

255 843 312 888 Ut
326 848 473 887 autem
491 855 542 887 ex
561 841 753 901 ingenti,
768 855 869 901 quae
885 841 1108 888 studiosis
1130 842 1352 903 suppetit,
1368 855 1635 889 monumen-

190 936 338 974 torum
367 929 654 989 Syriacorum
682 929 990 984 multitudine,
1009 931 1262 988 Aphraatz's
1280 928 1638 991 vitam,ejusque

190 1018 375 1075 scripta,
420 1031 442 1061 a
479 1017 537 1061 cl.
569 1017 621 1062 D.
653 1016 836 1076 Wright
862 1022 963 1063 ante
1000 1031 1172 1077 paucos
1209 1031 1353 1064 annos
1391 1018 1435 1063 in
1472 1018 1638 1079 vulgus

192 1106 382 1159 emissa,
429 1119 512 1165 pro
562 1105 745 1151 modulo
788 1118 888 1151 meo
928 1105 1197 1152 illustranda
1245 1106 1546 1167 susciperem,
1594 1106 1639 1151 id

194 1192 445 1238 necessitas
472 1192 634 1252 partim
673 1191 840 1247 effecit,
871 1193 1034 1252 partim
1069 1200 1311 1254 perspecta
1347 1194 1412 1240 rei
1445 1193 1635 1240 utilitas.

194 1282 304 1326 Nam
332 1295 433 1327 cum
460 1280 596 1327 variis
623 1280 678 1327 de
705 1280 874 1336 causis,
899 1296 1011 1342 quas
1031 1281 1103 1328 hic
1128 1283 1298 1330 referre
1323 1282 1435 1328 nihil
1461 1281 1636 1336 attinet,

198 1382 284 1413 non
323 1368 478 1413 liceret
518 1367 724 1427 publicas
763 1367 1061 1414 bibliothecas
1095 1368 1238 1423 adire,
1277 1375 1325 1415 ut
1360 1368 1465 1415 inde
1500 1368 1642 1415 docu-

197 1461 395 1501 mentum
439 1454 621 1514 aliquod
665 1454 809 1500 adhuc
852 1454 1072 1501 ineditum
1111 1455 1426 1516 depromerem
1464 1461 1509 1502 et
1542 1455 1643 1516 ipse

196 1541 371 1600 primus
406 1541 528 1601 typis
563 1540 837 1600 vulgandum
868 1553 1090 1595 curarem,
1130 1541 1264 1587 simul
1305 1555 1413 1602 spes
1456 1555 1643 1589 succur-

199 1627 325 1673 rebat
356 1641 439 1673 nec
477 1640 856 1687 supervacaneam
882 1627 980 1673 sore
1015 1640 1098 1673 nec
1122 1627 1234 1674 viris
1259 1627 1408 1674 doctis
1442 1627 1646 1690 injucun-

200 1715 301 1760 dam
333 1714 703 1774 disquisitionem
740 1714 934 1774 aliquam
973 1713 1016 1758 in
1053 1714 1324 1774 scriptorem
1359 1714 1503 1769 illum,
1545 1714 1641 1775 qui,

202 1816 471 1863 quamquam
514 1803 568 1848 ad
610 1808 811 1848 nostram
860 1815 1004 1862 usque
1045 1808 1221 1848 aetatem
1263 1803 1336 1848 vix
1374 1808 1509 1850 notus
1541 1802 1641 1857 suit,

204 1891 363 1937 merito
412 1897 559 1936 tamen
607 1904 631 1935 a
678 1890 755 1936 cll.
801 1891 895 1935 DD.
934 1889 1116 1953 Wright
1157 1896 1201 1937 et
1243 1891 1417 1938 Bickell
1463 1891 1645 1938 Patrum

203 1976 411 2023 ccclesiae
437 1976 634 2036 Syriacae
659 1975 1006 2036 antiquissimus
1031 1976 1266 2023 salutatur.

272 2065 388 2120 Quid
425 2078 549 2121 vero,
585 2079 641 2111 ne
683 2079 791 2125 spes
831 2065 905 2110 illa
939 2065 993 2110 ad
1032 2065 1208 2111 irritum
1245 2064 1446 2119 caderet,
1485 2065 1530 2111 in
1564 2065 1653 2112 hac'

209 2167 304 2198 mea
347 2152 661 2199 lucubratione
702 2152 1013 2212 praestiterim,
1051 2160 1126 2199 aut
1161 2159 1285 2200 certe
1309 2159 1527 2213 praestare
1560 2152 1647 2200 sim

207 2246 416 2293 conatus,
441 2240 539 2300 ipsa
558 2239 661 2285 libri
681 2240 752 2286 vel
777 2240 936 2286 saltem
957 2240 1144 2287 indiculi
1170 2241 1395 2301 praemissi
1422 2239 1648 2301 inspectio

208 2326 433 2373 edocebit.
467 2326 564 2372 Hoc
588 2326 798 2386 equidem
826 2326 1042 2373 lectorem
1073 2327 1145 2374 hic
1179 2327 1398 2374 monitum
1423 2327 1546 2382 volo,
1577 2339 1648 2373 me

208 2427 345 2474 quum
390 2413 433 2457 in
475 2412 613 2459 variis
649 2412 953 2467 documentis,
984 2418 1076 2459 tum
1113 2413 1157 2459 in
1196 2413 1424 2474 excerptis
1448 2412 1647 2460 auctoris

210 2504 297 2551 mei
324 2505 437 2550 bene
463 2502 616 2549 multis
641 2503 777 2550 latine
811 2503 1142 2550 transferendis
1178 2503 1237 2549 ita
1270 2507 1497 2550 versatum
1522 2515 1644 2555 esse,

210 2597 258 2637 ut
290 2590 425 2636 fidum
460 2589 681 2650 imprimis
716 2603 896 2651 agerem
931 2589 1242 2650 interpretem,
1280 2589 1335 2636 de
1369 2587 1648 2650 elegantiore
