1737 2950
738 201 1031 241 —30‘3-

166 325 360 386 singuiis
408 321 668 370 bominibus
716 323 886 368 animas
935 328 1091 368 auctor
1137 327 1420 382 agnosceret,
1474 334 1597 367 more

167 403 488 449 Gnosticorum
518 407 561 447 et
593 399 1035 460 Apollinaristarum.
1068 399 1190 444 Hanc
1215 398 1394 459 quidem
1433 398 1595 444 tricho-

166 481 369 531 tomiam,
421 491 552 538 quam
599 482 786 528 vocant,
840 475 927 535 ipsi
976 490 999 520 a
1047 475 1277 521 Gennadio
1325 474 1597 534 adscriptam

166 570 267 603 esse
292 555 344 616 (i)
373 554 486 600 haud
513 553 706 600 absurde
745 553 894 598 forsan
932 551 1118 604 dixeris,
1150 565 1303 598 verum
1340 551 1425 597 ista
1462 551 1594 597 inter-

164 633 356 694 pretatio
379 632 479 692 ipso
506 630 743 691 Aphraatis
770 635 892 675 textu
927 629 1200 689 exploditur.
1231 628 1448 689 Spiritum
1479 628 1598 674 enim

164 710 398 756 animalem
434 715 621 759 tantum,
660 721 744 752 non
784 707 1030 758 coelestem,
1069 720 1121 752 ex
1158 705 1255 765 ejus
1291 704 1514 752 sententia
1544 704 1597 750 ad

165 786 360 832 hominis
396 791 595 830 naturam
630 783 857 842 pertinere
903 782 1006 828 inde
1049 788 1170 842 patet
1203 781 1324 842 quod
1362 781 1437 827 iile
1472 781 1598 827 solus

163 877 344 923 semper
380 868 424 908 et
460 861 670 907 omnibus
709 860 975 906 mortalibus
1002 859 1126 912 insit,
1157 859 1230 904 hic
1254 872 1360 905 vero
1388 857 1599 904 fidelibus

163 940 342 987 demum
370 952 450 999 per
474 937 752 998 Baptismum
779 937 1053 990 conseratur,
1082 936 1136 981 ab
1163 949 1216 982 eo
1242 936 1318 996 qui
1347 935 1492 996 ipsum
1519 949 1599 995 per

164 1024 395 1078 peccatum
422 1015 647 1061 vexaverit
670 1015 887 1060 continuo
914 1013 1118 1060 discedat
1138 1020 1181 1059 et
1203 1014 1244 1058 in
1266 1012 1599 1059 resurrectione

158 1094 312 1153 justis,
345 1107 431 1138 non
461 1091 630 1152 iniquis
657 1091 716 1136 sit
742 1090 1016 1136 reddendus.

230 1173 473 1230 Hucusque
501 1169 639 1230 igitur
665 1168 893 1213 traditioni
932 1167 1164 1213 catholicae
1202 1166 1430 1213 consentit
1459 1165 1599 1226 scrip-

163 1257 249 1297 tor.
281 1249 531 1295 Arctiorem
559 1253 704 1292 autem
731 1245 988 1291 affinitatem
1024 1245 1167 1304 ipsius
1202 1244 1412 1304 loquendi
1440 1244 1600 1290 modus

163 1341 257 1389 prae
294 1340 342 1372 se
380 1326 466 1372 fert
501 1338 599 1370 cum
645 1323 778 1369 modo
822 1322 1035 1382 loquendi
1079 1336 1168 1381 quo
1211 1321 1378 1381 passim
1417 1326 1602 1367 utuntur

164 1405 317 1465 plures
343 1417 396 1448 ex
422 1402 478 1448 iis
504 1401 579 1461 qui
607 1400 765 1460 primis
803 1399 983 1445 saeculis
1007 1398 1197 1444 scientia
1233 1403 1276 1444 et
1313 1397 1441 1443 libris
1466 1397 1601 1443 editis

166 1482 207 1526 in
239 1479 439 1526 Ecclesia
466 1478 685 1528 ssortl‹‚²t·e;
729 1476 844 1521 inter
879 1489 995 1535 quos
1021 1489 1113 1534 prae
1139 1474 1315 1520 caeteris
1342 1473 1600 1520 nominandi

165 1563 269 1602 sunt
307 1555 534 1615 Origenes
572 1560 616 1598 et
654 1553 699 1597 S.
740 1553 951 1597 trenaeus.
988 1551 1072 1596 Hic
1107 1550 1224 1596 onim
1261 1556 1416 1596 contra
1453 1549 1599 1596 (cinos-

166 1637 298 1688 ticos,
329 1634 402 1694 qui
445 1634 484 1677 in
526 1632 708 1677 homine
745 1629 1084 1690 distinguebant
1118 1643 1302 1689 corpus,
1331 1628 1521 1674 animam
1558 1634 1603 1673 ct

165 1712 375 1772 spiritum
417 1710 560 1770 (σῶμα,
603 1711 747 1767 ψυχήν,
792 1716 938 1766 πνεῦμα
982 1707 1048 1751 vel
1090 1705 1207 1766 νοῦν),
1254 1705 1388 1750 docet
1428 1704 1601 1750 duabus

165 1787 387 1848 partibus,
430 1799 623 1845 corpore
662 1797 822 1843 nempe
857 1790 900 1829 et
933 1783 1102 1835 anima,
1146 1789 1281 1827 totam
1317 1787 1484 1827 naturae
1521 1781 1599 1826 hu-

167 1878 306 1910 manae
332 1875 595 1922 compagem
623 1860 795 1906 absolvi
826 1876 833 1904 :
865 1860 918 1904 ad
949 1859 990 1903 id
1019 1873 1153 1904 unum
1180 1857 1376 1918 Spiritus
1400 1857 1597 1907 divinus,

159 1941 284 1999 Juxta
324 1940 489 1999 ipsum,
527 1936 792 1996 requiritur,
834 1935 876 1980 id
911 1949 1047 1980 unum
1074 1934 1225 1987 efficit,
1255 1939 1304 1979 ut
1337 1933 1469 1978 homo
1499 1946 1598 1991 per-

164 2016 308 2077 fectus
349 2014 519 2061 evadat.
562 2014 647 2058 Per
685 2012 873 2057 animam
914 2012 1046 2057 homo
1082 2017 1150 2056 est
1193 2011 1339 2071 imago
1375 2010 1480 2063 Dei,
1523 2023 1602 2070 per

168 2093 382 2153 Spiritum
410 2091 463 2137 ad
504 2090 581 2136 Dei
619 2089 960 2134 similitudinem
997 2088 1276 2148 provehitur.
1307 2087 1494 2133 Divinus
1527 2086 1602 2132 illc

168 2169 382 2229 Spiritus,
413 2167 487 2227 qui
516 2165 680 2211 nemini
710 2165 794 2210 nisi
822 2179 903 2224 per
928 2165 1114 2224 gratiam
1142 2163 1354 2223 obtingit,
1388 2163 1443 2208 iis
1473 2162 1602 2208 datur

168 2245 242 2305 qui
284 2244 522 2304 passiones
566 2243 754 2287 fraenant
801 2248 844 2287 et
894 2241 1184 2287 moderantur
1226 2239 1470 2299 appetitus,
1522 2251 1603 2298 per

169 2328 400 2381 peccatum
425 2333 558 2380 grave
588 2319 779 2378 fugatur.
814 2318 896 2373 Qui
937 2318 1059 2362 illum
1099 2321 1364 2375 receperunt
1385 2328 1601 2373 pneuma·

212 2465 257 2502 (1)
285 2463 333 2494 Ιι3
351 2460 570 2496 Gennadius.
593 2460 624 2491 in
647 2459 800 2498 Emsmla
819 2459 859 2490 (ie
876 2457 944 2498 side
961 2467 1026 2490 sua
1043 2466 1103 2488 sen
1121 2459 1165 2489 (te
1181 2457 1404 2496 ‹toqmatz'bus
1420 2456 1599 2489 ecclesias-

168 2518 261 2553 acis.
284 2525 362 2558 cap.
383 2518 433 2548 XV
453 2527 459 2547 :
481 2528 498 2544 α
517 2517 634 2555 Neque
651 2517 740 2546 duas
758 2514 897 2546 animas
919 2522 998 2545 csse
1017 2514 1170 2545 dicimus
1189 2512 1223 2544 in
1244 2519 1314 2544 uno
1332 2511 1489 2549 homine,
1508 2510 1601 2543 sicut.

168 2572 321 2606 lacobus
339 2570 449 2604 etalii
467 2572 636 2611 syrorum
657 2569 831 2606 scribunt,
851 2576 955 2599 unam
975 2566 1164 2599 animalem
1189 2573 1258 2607 qua
1275 2564 1452 2598 animetur
1469 2572 1600 2606 corpus

169 2631 203 2659 ct
218 2626 376 2658 immixta
390 2624 435 2657 sit
449 2623 630 2665 sanguini,
645 2629 676 2653 οι
692 2623 838 2655 alteram
858 2619 1081 2663 spiritualem
1101 2629 1180 2663 quae
1196 2619 1369 2653 rationem
1386 2618 1600 2653 ministret.»

168 2679 303 2721 Quibus
322 2679 439 2711 verbis
457 2679 499 2710 de
517 2677 757 2710 Homuzarwn
776 2680 919 2709 auctore
937 2677 990 2714 agi
1010 2676 1179 2717 opinatur
1195 2673 1418 2712 Antoneltus‚
1436 2682 1492 2714 op.
1511 2681 1596 2713 περ.
1651 2686 1653 2690 ’

168 2740 243 2773 cit,
264 2734 360 2775 pra-s.
382 2744 416 2775 p.
434 2734 469 2765 V.
