1737 2950
633 704 1090 766 APPENDIX.

210 894 338 950 Quod
367 895 704 940 Dissertationz's
731 899 900 940 nostrae
926 892 1054 939 initio
1075 892 1124 953 (1)
1145 891 1455 953 promisimus,
1484 892 1582 940 fore

145 971 321 1017 scilicet
347 975 393 1016 ut
418 969 685 1030 appendicis
718 969 818 1015 loco
856 969 1060 1030 quaedam
1085 967 1324 1030 Aphraatis
1349 975 1577 1030 excerpta,

146 1048 362 1094 latinitate
396 1047 572 1100 donata,
617 1061 996 1107 proponeremus,
1042 1061 1142 1108 quae
1183 1046 1393 1093 omnibus
1432 1060 1582 1094 asser-

145 1125 344 1171 tionibus
386 1124 924 1184 considerationibusque
966 1123 1022 1170 de
1062 1123 1260 1170 auctoris
1297 1123 1504 1170 doctrina
1538 1130 1583 1169 et

146 1200 376 1247 scribendi
410 1200 544 1246 modo
579 1199 832 1260 praemissis
872 1200 1018 1246 lucem
1053 1198 1270 1246 adderent
1303 1205 1437 1260 atque
1473 1212 1581 1246 con-

148 1277 461 1332 firmationem,
508 1277 552 1323 id
589 1277 699 1336 jam,
744 1283 848 1338 post
892 1282 957 1323 tot
999 1277 1207 1337 exempla
1253 1276 1458 1331 antehac,
1502 1289 1583 1336 per

147 1358 365 1418 cujusque
391 1357 529 1403 ferme
555 1355 822 1417 quzestionis
849 1355 1150 1408 occasionem,
1174 1354 1410 1415 producta,
1434 1353 1582 1400 minus

147 1434 453 1480 necessarium
474 1433 669 1478 videtur.
694 1433 752 1478 Ut
772 1437 919 1478 tamen
945 1432 1090 1478 datam
1116 1432 1400 1478 exsolvamus
1427 1429 1578 1485 fidem,

148 1524 373 1570 unumque
397 1510 553 1556 saltem
582 1508 864 1569 praebeamus
887 1509 1074 1569 integrae
1093 1508 1283 1568 alicujus
1303 1506 1582 1553 tractationis

148 1587 403 1646 specimen,
456 1585 694 1632 subdimus
742 1587 944 1631 Homz'lz'oe
990 1586 1110 1638 XXI,
1161 1585 1213 1630 de
1257 1585 1578 1642 persecutione,

151 1662 569 1723 interpretationem
585 1659 649 1722 (a),
670 1662 789 1707 nulla
809 1661 980 1721 adjecta
1002 1660 1395 1713 commentatione,
1419 1666 1583 1719 praeter

149 1754 396 1799 perpaucas
423 1739 600 1785 notulas
632 1752 731 1798 quse
768 1739 821 1783 ad
861 1739 1097 1784 litteralem
1125 1743 1274 1784 textus
1300 1750 1483 1783 sensum
1510 1736 1584 1782 hic

150 1816 241 1861 illic
269 1816 583 1862 illustrandum
610 1815 854 1876 pertinent.

562 2014 731 2046 HOMILIA
769 2014 818 2045 DE
854 2013 1168 2045 PERSECUTIONE.

217 2130 542 2177 Contumeliam
588 2129 734 2175 audivi
780 2144 878 2189 qua}
922 2129 1027 2174 mihi
1070 2128 1196 2174 valde
1239 2128 1429 2173 molesta
1469 2126 1581 2179 fuit,

151 2208 407 2254 bominibus
435 2208 678 2253 immundis
703 2208 752 2268 (al
779 2207 1087 2253 asserentibus
1113 2206 1282 2252 nullum
1315 2218 1417 2251 esse
1444 2205 1584 2250 Deum

151 2285 319 2344 populo
364 2284 493 2337 huic,
533 2284 608 2343 qui
643 2298 695 2329 ex
730 2284 940 2329 omnibus
983 2282 1240 2328 nationibus
1281 2285 1586 2341 congregatus

212 2435 224 2466 1
263 2435 308 2466 Su
326 2447 347 2466 ι.
413 2459 418 2465 .
438 2435 492 2466 58.

193 2435 241 2528 (ἓξ
266 2443 580 2520 A1121'rssonuimus
597 2485 790 2519 Homttiam
807 2485 897 2517 hanc
914 2483 1058 2517 nonnisi
1075 2483 1109 2516 in
1125 2487 1219 2516 textu
1240 2480 1454 2525 primigenio
1471 2479 1589 2513 adhuc

154 2548 306 2576 exstare.

198 2611 243 2649 (5)
267 2588 366 2645 ish&
402 2607 628 2647 vocabulum,
646 2608 740 2650 quod
761 2606 904 2649 proprie
921 2611 975 2639 est
993 2606 1172 2647 impurus,
1191 2605 1413 2644 immundus,
1428 2601 1588 2643 infideles

155 2676 211 2708 hic
227 2675 384 2708 denotat.
405 2674 537 2708 Eodem
556 2673 663 2708 modo
681 2673 886 2706 hebraicum
906 2667 1016 2725 ἓξὲξ
1039 2673 1083 2706 de
1100 2671 1294 2715 gentilibus
1313 2670 1365 2704 ve!
1384 2669 1491 2703 rebus
1510 2675 1590 2710 quae
1658 2688 1661 2691 ι

151 2743 194 2776 ad
214 2744 311 2785 ipsos
328 2743 479 2776 attinent
497 2742 590 2785 apud
611 2743 654 2775 ls.
677 2743 799 2780 xxxv,
817 2742 837 2773 8
856 2746 890 2775 et
911 2742 981 2781 Ltt,
1005 2743 1053 2779 ti,
1075 2743 1280 2780 usurpatur.
