1737 2950
686 159 987 201 —342-

119 292 343 336 nosti-ann
386 285 568 344 Moyses
607 285 753 345 legem
793 284 961 344 populo
988 299 1071 330 suo
1097 285 1296 345 desuper
1322 285 1486 339 attulit,
1517 291 1563 332 et

117 362 253 407 Jesus
280 367 506 420 prrecepta
533 375 613 407 sua
637 361 851 421 gentibus
879 360 1084 414 tradidit;
1127 361 1307 422 Moyses
1338 361 1564 408 Amaleci-

119 445 206 482 tam
233 451 314 497 per
340 451 547 483 manuum
585 451 764 483 suarum
803 437 1115 484 extensionem
1146 437 1330 492 devicit,
1361 443 1404 484 et
1423 439 1560 485 Jesus

120 515 322 559 Satanan]
362 514 494 574 signo
522 513 672 559 crucis
698 528 791 559 suffe
818 514 1071 573 superavit;
1114 514 1293 574 Moyses
1330 528 1468 575 aquas
1504 528 1560 561 ex

118 596 244 650 petra
278 590 447 649 populo
482 604 565 635 suo
601 589 772 643 eduxit,
808 595 851 635 et
883 590 1018 635 Jesus
1054 589 1175 635 misit
1210 589 1438 636 Simonem
1474 591 1558 637 Pe-

117 674 251 720 trum,
298 673 345 712 ut
383 667 514 725 hujus
556 667 807 712 doctrinam
851 666 1015 711 familia
1056 666 1258 727 gentium
1307 667 1553 727 reciperet;

118 745 298 804 Moyses
333 744 525 789 revelata
563 743 673 788 facie
707 756 808 788 cum
848 743 940 788 Deo
984 743 1161 789 locutus
1204 749 1292 798 est,
1338 749 1382 789 et
1421 744 1559 790 Jesus

114 821 315 866 velamen
353 835 376 865 a
413 820 524 865 facie
550 819 821 879 populorum
849 819 1049 872 sustulit,
1081 825 1128 865 ut
1152 819 1404 866 doctrinam
1429 834 1560 865 suam

113 897 319 943 audirent
367 904 500 956 atque
549 896 953 955 amplecterentur;
1013 896 1194 956 Moyses
1248 895 1409 957 legatis
1459 897 1557 942 suis

112 989 270 1020 manus
296 975 529 1034 imposuit,
553 973 688 1033 hique
714 972 1018 1018 sacerdotium
1039 980 1328 1033 acceperunt,
1353 978 1397 1019 et
1419 974 1557 1020 Jesus

112 1050 329 1110 imposuit
379 1064 535 1096 manus
583 1049 819 1109 Apostolis
867 1049 992 1104 suis,
1043 1050 1120 1109 qui
1168 1050 1340 1110 Spiritu
1388 1050 1557 1096 Sancto

111 1127 264 1173 donati
292 1134 419 1180 sunt,
449 1128 631 1187 Moyses
667 1126 872 1172 ascendit
911 1126 953 1171 in
992 1131 1206 1180 montem,
1248 1126 1402 1186 ibique
1435 1140 1555 1172 mor-

113 1211 216 1250 tuus
258 1210 343 1260 est,
386 1211 430 1250 et
470 1205 605 1250 Jesus
647 1203 852 1250 ascendit
895 1204 938 1248 in
982 1204 1163 1258 coelum,
1211 1203 1286 1248 ubi
1329 1217 1356 1248 a
1399 1203 1557 1250 dextra

111 1282 258 1328 Patris
285 1282 354 1327 sui
381 1281 606 1327 consedit.

174 1358 312 1403 Josue
350 1371 549 1418 quoque,
591 1358 708 1403 Nuni
747 1356 885 1410 filius,
917 1357 1281 1416 persecutionem
1320 1356 1476 1407 subiit,
1509 1362 1555 1403 et

110 1434 312 1479 Salvator
339 1440 495 1479 noster
519 1433 885 1492 persecutionem
906 1432 1061 1478 subiit.
1085 1433 1244 1486 Josue,
1265 1433 1384 1477 Nuni
1409 1431 1548 1487 filius,

109 1516 293 1555 vexatus
337 1516 405 1555 est
446 1524 469 1554 a
511 1509 726 1570 gentibus
765 1508 1027 1562 immundis,
1068 1514 1111 1554 et
1150 1509 1303 1562 Jesus,
1350 1509 1554 1555 Salvator

110 1591 283 1638 noster,
330 1591 514 1630 vexatus
557 1591 627 1631 est
660 1599 683 1629 a
718 1585 887 1643 populo
923 1584 1190 1643 insipiente;
1229 1586 1386 1642 Josue,
1431 1586 1550 1631 Nuni

111 1661 247 1715 silius,
294 1660 599 1706 haereditatem
638 1675 661 1706 a
697 1661 1067 1720 persecutoribus
1105 1661 1201 1708 suis
1236 1662 1424 1707 ablatam
1466 1676 1550 1722 po—

106 1738 212 1796 pulo
240 1751 323 1783 suo
361 1737 501 1790 dedit,
534 1744 578 1783 et
613 1738 763 1794 Jesus,
792 1737 1069 1797 Redemptor
1107 1744 1278 1792 noster,
1315 1738 1550 1785 haeredita-

106 1820 194 1859 tem
229 1828 252 1858 a
287 1814 659 1873 persecutoribus
699 1814 890 1859 ablatam
926 1814 1139 1874 gentibus
1177 1815 1402 1861 extraneis
1439 1829 1547 1862 con-

106 1889 229 1941 tulit;
280 1890 437 1942 Josue,
488 1889 606 1934 Nuni
657 1890 793 1944 filius,
845 1890 988 1936 solem
1037 1891 1080 1935 in
1131 1891 1245 1936 coelo
1293 1891 1547 1938 consistere

98 1964 255 2022 jussit,
286 1980 535 2026 poenasque
561 1967 757 2026 sumpsit
777 1980 799 2011 a
819 1967 1003 2026 populis
1030 1967 1105 2026 qui
1133 1967 1280 2026 Ipsum
1307 1968 1546 2024 vexabant,

103 2048 146 2088 et
170 2043 322 2095 Jesus,
368 2044 571 2089 Salvator
605 2049 778 2097 noster,
809 2049 856 2088 ut
893 2043 1184 2090 erubesceret
1220 2045 1414 2104 populus
1442 2059 1546 2105 per»

101 2125 298 2172 secutor,
348 2120 423 2179 qui
460 2120 608 2179 ipsum
643 2119 945 2173 crucifixerat,
986 2120 1126 2165 solem
1165 2125 1368 2180 tempore
1411 2122 1544 2168 meri-

101 2193 234 2240 diano
266 2196 452 2248 velavit;
495 2197 652 2249 Josue,
693 2196 812 2241 Nuni
850 2196 989 2250 filius,
1030 2196 1336 2243 haereditatem
1373 2199 1546 2258 populo-

100 2283 183 2315 suo
226 2270 397 2323 divisit,
445 2277 490 2316 et
529 2272 684 2325 Jesus,
723 2271 927 2317 Salvator
968 2277 1140 2326 noster,
1185 2273 1397 2332 promisit
1439 2287 1541 2320 sese

99 2346 312 2404 gentibus
361 2353 524 2391 terram
572 2347 819 2392 viventium
868 2348 1157 2408 largiturum;
1212 2349 1369 2403 Josue,
1421 2350 1542 2396 Nuni

99 2421 234 2474 filius,
285 2422 436 2468 Rahab
486 2423 769 2469 meretricem
819 2424 969 2470 vivere
1016 2425 1240 2483 permisit,
1294 2432 1338 2471 ct
1382 2427 1537 2482 Jesus,

100 2497 302 2543 Salvator
334 2504 505 2550 noster,
536 2498 775 2544 eeclesiam
815 2499 1073 2546 meretricio
1111 2500 1307 2547 deditam
1345 2515 1539 2562 congre-

98 2574 219 2633 gavit
259 2588 310 2620 ae
351 2575 619 2629 vivificavit3
665 2576 830 2630 Josue,
874 2577 992 2622 Nuni
1029 2577 1174 2632 filius,
1223 2578 1296 2625 die
1341 2579 1539 2639 septimo

94 2662 250 2695 muros
286 2650 566 2697 Jerichontis
605 2652 842 2699 concussit
866 2652 1141 2714 dejecitque,
1172 2659 1217 2700 et
1241 2654 1314 2700 die
1340 2654 1539 2715 septimo
