1737 2950
759 150 1004 192 ..3-

161 277 432 324 Patriarchae
467 275 532 336 (i),
571 275 609 321 si
647 274 908 321 conseratur
946 289 1046 320 cum
1090 275 1290 333 Epistola
1334 289 1435 321 mox
1472 277 1611 336 subji-

158 354 336 407 cienda,
366 353 610 413 perspicue
637 351 859 412 sequitur.
892 351 1139 411 Dionysius
1173 351 1310 405 enim,
1341 352 1610 400 doctissimo

160 433 440 478 Bibliothecae
464 431 700 476 orientalis
725 436 910 476 auctore
943 429 1169 475 referente
1202 436 1245 475 et
1272 432 1606 484 consentiente,

159 508 582 568 asseritGeorgium
605 507 883 567 Episcopum
902 507 1041 552 Hirtae
1061 506 1348 567 Arabumque
1370 509 1610 554 nomadum

159 585 318 639 fuisse,
349 585 422 630 hic
453 590 600 629 autem
637 584 680 628 in
717 585 924 642 Epistolae
954 584 1255 644 inscriptione
1291 584 1530 630 exhibetur
1565 591 1613 631 ut

160 659 420 721 Episcopus
467 660 665 719 plurium
714 659 945 706 civitatum
990 661 1061 706 vel
1100 661 1315 714 tribuum,
1346 660 1463 706 inter
1499 675 1612 721 quas

160 743 206 783 ct
229 736 488 782 Akulenses
515 735 819 781 nominantur.

223 812 468 872 Georgius,
494 812 569 871 qui
592 825 709 857 auno
731 809 827 857 686
850 813 1023 858 Praesul
1045 817 1225 858 creatus
1246 818 1339 858 erat
1360 817 1403 858 et
1423 826 1494 858 an.
1518 812 1609 858 724

157 890 289 944 obiit,
320 889 373 936 ab
409 889 663 935 Asscmano
702 889 821 935 inter
854 890 1110 950 scriptores
1147 891 1288 950 Syros
1330 890 1610 937 orthodoxos

159 972 441 1013 recensetur.
475 966 675 1021 Quanam
703 980 810 1012 vero
837 966 893 1013 de
920 981 1055 1012 causa
1089 967 1133 1012 id
1170 967 1317 1027 egerit
1349 967 1418 1012 vir
1459 967 1612 1013 erudi-

158 1045 282 1090 tione
303 1043 429 1102 juxta
455 1049 498 1088 et
520 1042 695 1101 judicio
722 1043 884 1090 critico
911 1044 1030 1090 iuter
1055 1044 1305 1090 litterarum
1326 1043 1613 1090 orientalium

158 1122 359 1168 cultores
386 1121 674 1175 notissimus,
705 1121 811 1166 mihi
849 1136 939 1168 non
966 1122 1125 1182 liquet.
1150 1123 1262 1167 Nam
1288 1128 1331 1168 et
1368 1121 1614 1182 Georgium

156 1197 463 1244 Jacobitarum
492 1197 654 1242 liaeresi
682 1197 913 1243 addictum
939 1198 1083 1244 fuisse
1109 1204 1233 1245 certo
1260 1198 1431 1245 certius
1458 1204 1528 1244 est
1561 1212 1614 1244 ex

160 1288 213 1320 eo
252 1273 373 1334 quod
411 1288 434 1318 a
476 1273 639 1333 Sergio
669 1274 941 1328 Zachunaeo,
983 1275 1346 1334 Archiepiscopo
1387 1274 1610 1328 Jacobita,

154 1351 286 1410 jussu
313 1349 545 1395 Athanasii
575 1350 867 1404 Patriarchae,
894 1350 1130 1396 ordinatus
1157 1351 1292 1396 fuerit
1317 1350 1383 1410 (e);
1413 1357 1455 1396 et
1475 1350 1614 1396 Asse-

160 1440 319 1472 manus
353 1426 451 1486 ipse
477 1424 525 1486 (5)
561 1426 617 1471 de
653 1426 840 1486 Georgii
880 1426 1155 1472 dioecesanis
1198 1441 1252 1472 ex
1286 1426 1613 1487 Abulpharagii

160 1503 374 1549 Chronico
422 1502 471 1562 (4)
516 1508 657 1555 notat,
715 1520 737 1542 α
779 1516 858 1548 cos
907 1503 1330 1563 Mouophysitarum
1378 1503 1613 1549 erroribus

158 1578 334 1638 pridem
371 1578 568 1624 infectos
603 1578 766 1633 fuisse,
799 1585 1012 1639 metuque
1039 1579 1369 1625 catholicorum
1411 1579 1613 1626 Orientis

158 1655 416 1715 principum
431 1655 484 1699 ad
500 1655 918 1701 Mahometanorum
937 1661 1085 1702 castra
1098 1655 1277 1702 demum
1290 1656 1568 1717 profugisse.
1591 1676 1611 1696 »

204 1840 250 1878 (1)
279 1839 316 1871 ln
337 1838 512 1872 Chronico
531 1839 692 1880 Sin-iaco,
712 1839 755 1872 ad
780 1848 915 1873 annum
940 1842 1144 1874 Graecorum
1174 1840 1252 1880 862,
1283 1840 1413 1874 Christi
1443 1841 1519 1873 551.
1553 1840 1614 1873 ille

159 1898 214 1926 est
246 1893 439 1936 Dionysius
469 1893 529 1935 qui
563 1898 598 1927 et
629 1894 919 1928 Telmaharensis
951 1895 1004 1929 vei
1046 1895 1334 1929 Telmachrcnsis
1367 1899 1611 1936 nuncupatur.

159 1948 285 1982 Sedem
304 1949 578 1990 patriarchalem
598 1948 795 1982 Antiochiae
814 1949 858 1982 ab
884 1957 980 1982 anno
1009 1958 1090 1983 aerae
1121 1950 1278 1992 vulgaris
1307 1951 1373 1984 818
1401 1949 1445 1982 ad
1474 1958 1611 1983 annum

160 2010 275 2044 usque
291 2004 356 2035 845
377 2002 501 2035 tenuit.
522 2003 684 2037 Annales
711 2003 872 2046 scripsit,
902 2004 946 2037 ab
975 2004 1062 2038 orbe
1090 2004 1238 2038 condito
1268 2004 1312 2037 ad
1339 2013 1441 2037 suam
1470 2007 1612 2037 aetatem

160 2058 367 2101 perductos,
385 2066 540 2100 quorum
559 2057 664 2101 juxta
692 2060 722 2092 J.
751 2060 785 2092 S.
815 2062 1054 2093 Assemanum
1083 2060 1214 2103 duplex
1243 2060 1353 2094 editio
1379 2060 1474 2103 apud
1503 2061 1611 2103 Syros

162 2113 415 2147 circumfertur
437 2126 443 2147 :
465 2114 575 2147 altera
595 2114 754 2154 brevior,
772 2115 948 2157 proiixior
974 2116 1100 2151 altera.
1119 2116 1170 2150 Cf.
1195 2119 1230 2150 B.
1251 2118 1290 2151 Ο.
1318 2118 1361 2157 11,
1381 2126 1416 2159 p.
1435 2117 1478 2150 98
1507 2125 1607 2158 seqq.

160 2187 202 2193 -
219 2169 385 2213 Tullberg
408 2170 520 2203 edidit
549 2170 704 2212 primum
733 2170 903 2205 Chronici
931 2172 1138 2215 Dionysiam
1168 2173 1314 2213 librum,
1340 2172 1491 2215 Upsalae,
1515 2173 1608 2205 ¹820.

205 2223 253 2264 (Ξ)
279 2226 317 2258 G.
340 2224 540 2257 narhebraei
562 2224 763 2259 chronicon
783 2228 918 2266 eccles„
939 2231 1025 2260 sect.
1048 2228 1074 2266 1,
1093 2227 1160 2260 coi.
1181 2228 1246 2260 ⁶295

206 2279 252 2318 (3)
281 2280 315 2311 Β.
339 2281 376 2311 O.
401 2279 426 2316 1,
447 2288 480 2320 p.
502 2279 576 2311 494.

207 2333 253 2372 (4)
280 2332 374 2366 ldcm
394 2333 492 2374 quia
517 2333 615 2375 Syris
643 2334 747 2376 Grey.
779 2335 1016 2369 Barnebroeus
1045 2335 1188 2375 dicitur,
1221 2335 1314 2378 apud
1345 2334 1479 2368 Arabes
1497 2333 1610 2367 Abul-

161 2388 364 2430 pharayius
382 2387 502 2427 audit,
522 2388 657 2430 quippe
683 2390 744 2431 qui
774 2394 808 2422 et
837 2389 892 2422 tiis
922 2395 956 2423 et
985 2391 1055 2423 illis
1081 2391 1315 2433 spectandus,
1334 2394 1368 2423 et
1398 2388 1546 2430 scriptis
1576 2388 1610 2421 in

165 2446 315 2484 utraque
345 2441 464 2485 lingua
493 2442 601 2476 editis
625 2443 837 2477 nobilitatus
862 2448 929 2477 est.
952 2446 998 2478 De
1017 2444 1149 2487 quibus
1166 2443 1211 2479 cs.
1241 2444 1443 2478 chronicon
1474 2441 1610 2481 eccles„

164 2497 303 2540 praesat.
322 2508 357 2540 p.
376 2499 442 2537 XX,
464 2501 499 2530 et
515 2502 602 2531 sect.
625 2499 666 2539 ΙΙ,
686 2499 840 2533 001475
857 2508 976 2542 seqq.;
991 2519 1031 2524 —
1052 2500 1136 2534 item
1159 2503 1192 2533 Β.
1214 2502 1253 2533 Ο.
1275 2502 1317 2539 11,
1338 2509 1372 2541 p.
1404 2499 1469 2532 24⁸
1494 2507 1611 2540 seqq..

165 2551 225 2585 ubi
243 2560 324 2594 quae
353 2552 602 2585 Bariiebraeum
633 2558 799 2596 spectant
825 2552 903 2587 fuse
931 2559 967 2588 et
991 2554 1237 2588 eruditissime
1265 2557 1412 2588 tractata
1440 2553 1609 2595 reperies,

165 2605 365 2640 chronicon
383 2610 502 2640 autem
520 2606 735 2649 Arabicum,
755 2616 862 2650 supra
884 2608 1081 2650 laudatum,
1100 2609 1312 2652 inscriptum
1332 2609 1376 2642 ab
1395 2612 1540 2641 auctore
1558 2610 1612 2640 est

165 2672 270 2706 Liber
303 2674 556 2715 dynastiarum
584 2662 743 2736 (5),ssss
779 2662 943 2730 uhts)
970 2701 977 2709 .
