1737 2950
676 178 725 185 -„
785 156 834 195 81
897 177 947 184 -.

92 281 148 327 de
187 294 370 327 munere
404 293 494 340 quo
530 280 711 326 functus
744 278 895 324 fuerit.
926 277 1024 323 Huc
1051 275 1278 337 imprimis
1304 276 1409 324 facit
1436 283 1540 325 nota

92 357 167 402 illa
192 371 324 417 quam
351 371 375 403 e
399 356 575 403 codicis
600 354 894 414 manuscripti
923 353 1126 414 margine
1159 354 1291 401 nobis
1323 354 1539 415 suppedi-

92 434 201 482 tavit
221 434 278 480 cl.
304 433 560 494 Wriglitius
588 433 708 493 (pag.
741 429 834 493 29),
865 444 966 476 cum
992 444 1043 476 ea
1069 430 1202 476 simul
1231 438 1539 477 memorentur

91 518 136 558 et
161 511 289 557 locus
315 509 534 556 domicilii
561 508 801 568 Aphraatis
828 512 871 554 et
896 508 1095 566 dignitas
1119 508 1217 565 ejus
1253 509 1533 566 episcopalis.

91 588 267 634 Nemini
308 601 431 642 vero,
463 586 644 646 opinor,
675 584 917 630 difficultas
943 584 999 630 de
1026 584 1108 630 hac
1134 598 1181 630 rc
1221 585 1290 630 vel
1316 584 1538 630 dubitatio

92 666 326 727 ingeretur
361 678 414 710 eo
445 663 567 724 quod
596 662 887 722 perhibeatur
913 661 1105 721 Sapiens
1134 663 1270 708 Persa
1299 664 1540 720 Episcopus

90 743 233 790 fuisse
252 744 515 789 monasterii
535 743 579 787 S.
605 741 824 793 Matthaei,
850 739 979 799 quasi
1002 753 1162 799 nempe
1183 753 1237 785 ex
1257 741 1344 785 hoc
1361 746 1537 786 asserto

91 820 454 868 concludendum
481 819 541 865 sit
567 818 716 878 ipsum
743 817 921 863 nonnisi
944 816 985 861 in
1014 816 1271 863 coenobium
1298 817 1537 878 episcopa-

92 898 177 943 lem
205 897 466 944 exercuisse
485 894 872 955 jurisdictionem,
896 893 1016 953 quod
1039 893 1110 939 vix
1138 893 1331 954 intelligi
1357 900 1532 953 posset.

92 972 347 1034 Appellatio
397 973 471 1018 illa
512 986 564 1018 ex
609 970 830 1031 temporis
871 976 914 1016 et
947 969 1150 1030 regionis
1189 970 1391 1016 moribus
1428 984 1536 1016 enu-

92 1049 293 1096 cleanda.
327 1050 384 1096 Ut
408 1049 527 1095 enim
554 1061 712 1094 omnes
747 1053 928 1101 norunt,
959 1046 1035 1107 qui
1071 1047 1206 1093 rebus
1241 1047 1537 1093 ecclesiarum

91 1126 377 1173 orientalium
403 1124 697 1172 addiscendis
723 1130 796 1170 aut
817 1123 1147 1184 investigandis
1169 1125 1238 1170 vel
1264 1124 1407 1170 levem
1429 1138 1536 1184 ope-

92 1217 183 1249 ram
210 1217 407 1264 unquam
435 1215 670 1256 navavere,
701 1200 819 1246 haud
846 1214 1013 1254 rarum,
1044 1201 1133 1247 imo
1155 1201 1265 1246 nihil
1287 1201 1425 1247 ferme
1454 1202 1552 1258 fre<

91 1282 303 1341 quentius
329 1287 424 1327 erat
458 1280 574 1340 apud
613 1278 813 1326 Orientis
853 1279 1095 1332 Praesules‚
1131 1292 1263 1338 quam
1301 1284 1348 1324 ut
1382 1278 1536 1324 sedem

90 1358 308 1405 haberent
335 1358 378 1403 in
405 1357 614 1404 coenobio
647 1356 797 1416 aliquo
836 1370 929 1402 suae
966 1356 1238 1410 dioeceseos,
1268 1363 1402 1416 atque
1439 1356 1537 1415 ipsa

90 1434 304 1482 dioecesis
330 1436 400 1481 vel
425 1449 449 1480 a
475 1434 685 1481 coenohio
720 1433 816 1488 illo,
846 1433 917 1479 vel
942 1434 996 1479 ab
1021 1433 1132 1479 urbe
1158 1433 1349 1493 quadam
1375 1434 1535 1492 praeei-

90 1525 192 1570 pua,
223 1512 293 1558 vel
320 1511 452 1557 etiam
479 1511 532 1556 ab
558 1512 775 1556 alterutro
809 1524 892 1570 pro
928 1510 1149 1570 cujusque
1188 1511 1430 1570 scriptoris
1465 1524 1534 1555 ar-

91 1588 244 1643 bitrio,
277 1603 439 1636 nomen
468 1589 724 1635 sortiretur.
758 1589 873 1634 Hinc
894 1603 1031 1648 supra
1051 1589 1205 1634 docuit
1231 1588 1528 1642 Assemanus,

90 1665 413 1711 monasterium
439 1665 495 1711 de
517 1679 605 1725 quo
633 1665 808 1726 agimus
825 1666 932 1710 olim
960 1665 1114 1711 sedem
1140 1665 1278 1711 fuisse
1306 1666 1533 1724 Metropo-

89 1741 179 1787 litae
218 1742 423 1796 Ninives,
454 1743 530 1802 qui
568 1748 611 1787 et
638 1742 924 1802 Metropolita
960 1742 1006 1787 S.
1039 1742 1234 1787 Matthaei
1272 1741 1528 1792 dicebatur;

88 1817 193 1864 hinc
228 1818 359 1863 etiam
398 1832 452 1864 ex
490 1818 747 1864 Barhebraei
797 1819 1011 1864 Chronico
1046 1819 1344 1863 ecclesiastico
1393 1817 1531 1863 disci-

88 1908 187 1940 mus
209 1895 453 1955 posteriori
482 1901 701 1955 tempore,
733 1895 776 1940 id
804 1901 872 1941 est
898 1895 951 1940 ab
977 1909 1093 1941 anno
1122 1895 1265 1948 1155,
1309 1894 1531 1954 Maphria-

88 1986 171 2018 nos
191 1973 392 2030 Orientis
413 1973 456 2018 in
478 1973 636 2019 codem
664 1973 873 2019 coenobio
899 1973 1178 2020 domicilium
1201 1973 1288 2018 sibi
1310 1972 1526 2032 elegisse,

87 2048 267 2095 interim
300 2055 446 2096 tamen
475 2050 660 2110 Tagriti‚
690 2049 877 2096 Ninives
911 2056 954 2095 ct
990 2049 1290 2109 adjacentium
1328 2050 1529 2095 locorum

87 2127 304 2174 ecclesias
331 2133 540 2188 tanquam
562 2128 772 2188 proprias
799 2128 1048 2174 retinentes
1073 2127 1140 2190 (t).

152 2203 339 2250 Etiamsi
374 2218 482 2250 vero
516 2205 680 2265 aliquis
720 2205 995 2251 contendere
1025 2205 1175 2259 vellet,
1211 2203 1332 2265 quod
1376 2203 1528 2264 utique

87 2279 204 2326 ultro
230 2281 270 2326 ei
294 2281 606 2336 concedimus,
638 2282 693 2328 de
719 2282 938 2343 dignitate
965 2289 1008 2329 et
1033 2283 1142 2329 sede
1167 2282 1407 2343 Apliraatis
1440 2296 1528 2328 non

30 2419 37 2422 V
87 2357 217 2417 plane
257 2365 466 2405 constare
502 2373 555 2405 cx
590 2360 864 2406 indicatione
886 2361 1135 2422 ‘marginali
1169 2360 1300 2423 cujus
1334 2367 1442 2406 aetas
1486 2366 1529 2406 et

32 2431 36 2435 ’
86 2442 242 2481 auctor
284 2436 564 2496 ignorantur,
609 2439 850 2499 perpensis
884 2445 1030 2485 tamen
1069 2445 1114 2485 et
1144 2440 1188 2484 in
1227 2453 1361 2484 uuum
1399 2437 1527 2497 quasi

86 2509 251 2557 fascem
264 2513 470 2558 collectis
485 2513 639 2568 variis,
669 2528 769 2573 quae
796 2521 1060 2575 suppetunt,
1086 2515 1366 2575 argumentis
1390 2514 1524 2559 inter-

130 2679 175 2719 (ι,
201 2677 268 2712 cfr.
292 2678 424 2713 caron.
444 2681 524 2712 eccl.
546 2679 718 2721 praesatio.
740 2692 771 2722 μ.
793 2682 917 2719 xvlll;
942 2681 1022 2714 item
1044 2686 1127 2715 sect,
1165 2683 1204 2720 ll,
1232 2682 1299 2715 col.
1332 2681 1397 2713 35⁹
1426 2688 1528 2720 seqq.

1392 2749 1416 2786 8
