<?xml version="1.0" encoding="UTF-8"?>
<!DOCTYPE html PUBLIC "-//W3C//DTD XHTML 1.0 Transitional//EN"
    "http://www.w3.org/TR/xhtml1/DTD/xhtml1-transitional.dtd">
<html xmlns="http://www.w3.org/1999/xhtml" xml:lang="en" lang="en">
 <head>
  <title>
</title>
<meta http-equiv="Content-Type" content="text/html;charset=utf-8" />
  <meta name='ocr-system' content='tesseract 3.04.00' />
  <meta name='ocr-capabilities' content='ocr_page ocr_carea ocr_par ocr_line ocrx_word'/>
</head>
<body>
  <div class='ocr_page' id='page_1' title='image "./devitaetscriptis00forguoft_0106.png"; bbox 0 0 1737 2950; ppageno 0'>
   <div class='ocr_carea' id='block_1_1' title="bbox 790 225 1059 265">
    <p class='ocr_par' dir='ltr' id='par_1_1' title="bbox 790 225 1059 265">
     <span class='ocr_line' id='line_1_1' title="bbox 790 225 1059 265; baseline 0.004 -9"><span class='ocrx_word' id='word_1_1' title='bbox 790 225 1059 265; x_wconf 77' lang='lat'>...88—</span> 
     </span>
    </p>
   </div>
   <div class='ocr_carea' id='block_1_2' title="bbox 187 351 1639 2330">
    <p class='ocr_par' dir='ltr' id='par_1_2' title="bbox 191 351 1639 1624">
     <span class='ocr_line' id='line_1_2' title="bbox 269 351 1639 415; baseline 0.003 -18"><span class='ocrx_word' id='word_1_2' title='bbox 269 353 477 398; x_wconf 80' lang='lat' dir='ltr'>Jamvero</span> <span class='ocrx_word' id='word_1_3' title='bbox 511 351 554 396; x_wconf 90' lang='lat' dir='ltr'>in</span> <span class='ocrx_word' id='word_1_4' title='bbox 590 357 683 398; x_wconf 91' lang='lat' dir='ltr'>tota</span> <span class='ocrx_word' id='word_1_5' title='bbox 716 351 796 397; x_wconf 85' lang='lat' dir='ltr'>hac</span> <span class='ocrx_word' id='word_1_6' title='bbox 833 351 1143 397; x_wconf 79' lang='lat' dir='ltr'>lucubratione</span> <span class='ocrx_word' id='word_1_7' title='bbox 1180 357 1355 407; x_wconf 84' lang='lat' dir='ltr'>auctor,</span> <span class='ocrx_word' id='word_1_8' title='bbox 1390 358 1438 400; x_wconf 88' lang='lat' dir='ltr'>ut</span> <span class='ocrx_word' id='word_1_9' title='bbox 1470 354 1639 415; x_wconf 80' lang='lat' dir='ltr'>legenti</span> 
     </span>
     <span class='ocr_line' id='line_1_3' title="bbox 203 426 1638 490; baseline 0.003 -17"><span class='ocrx_word' id='word_1_10' title='bbox 203 429 353 473; x_wconf 89' lang='lat' dir='ltr'>statim</span> <span class='ocrx_word' id='word_1_11' title='bbox 387 434 572 487; x_wconf 91' lang='lat' dir='ltr'>apparet</span> <span class='ocrx_word' id='word_1_12' title='bbox 605 426 672 489; x_wconf 78' lang='lat' dir='ltr'>(l),</span> <span class='ocrx_word' id='word_1_13' title='bbox 710 441 803 487; x_wconf 84' lang='lat' dir='ltr'>prae</span> <span class='ocrx_word' id='word_1_14' title='bbox 845 426 991 474; x_wconf 92' lang='lat' dir='ltr'>oculis</span> <span class='ocrx_word' id='word_1_15' title='bbox 1033 428 1264 488; x_wconf 71' lang='lat' dir='ltr'>praecipue</span> <span class='ocrx_word' id='word_1_16' title='bbox 1306 429 1441 476; x_wconf 88' lang='lat' dir='ltr'>habet</span> <span class='ocrx_word' id='word_1_17' title='bbox 1481 431 1638 490; x_wconf 91' lang='lat' dir='ltr'>populi</span> 
     </span>
     <span class='ocr_line' id='line_1_4' title="bbox 203 505 1634 565; baseline 0.004 -16"><span class='ocrx_word' id='word_1_18' title='bbox 203 505 350 551; x_wconf 78' lang='lat' dir='ltr'>fidelis</span> <span class='ocrx_word' id='word_1_19' title='bbox 371 513 589 563; x_wconf 73' lang='lat' dir='ltr'>pastores,</span> <span class='ocrx_word' id='word_1_20' title='bbox 617 505 702 551; x_wconf 90' lang='lat' dir='ltr'>hoc</span> <span class='ocrx_word' id='word_1_21' title='bbox 724 511 810 559; x_wconf 87' lang='lat' dir='ltr'>est,</span> <span class='ocrx_word' id='word_1_22' title='bbox 835 513 926 550; x_wconf 80' lang='lat' dir='ltr'>tam</span> <span class='ocrx_word' id='word_1_23' title='bbox 951 506 1184 564; x_wconf 77' lang='lat' dir='ltr'>Episcopos</span> <span class='ocrx_word' id='word_1_24' title='bbox 1207 520 1343 564; x_wconf 82' lang='lat' dir='ltr'>quam</span> <span class='ocrx_word' id='word_1_25' title='bbox 1366 508 1634 565; x_wconf 75' lang='lat' dir='ltr'>sacerdotes;</span> 
     </span>
     <span class='ocr_line' id='line_1_5' title="bbox 200 581 1636 642; baseline 0.002 -14"><span class='ocrx_word' id='word_1_26' title='bbox 200 595 356 628; x_wconf 90' lang='lat' dir='ltr'>eorum</span> <span class='ocrx_word' id='word_1_27' title='bbox 382 582 504 634; x_wconf 89' lang='lat' dir='ltr'>vitia,</span> <span class='ocrx_word' id='word_1_28' title='bbox 542 582 796 642; x_wconf 79' lang='lat' dir='ltr'>praesertim</span> <span class='ocrx_word' id='word_1_29' title='bbox 835 581 1113 642; x_wconf 80' lang='lat' dir='ltr'>superbiam,</span> <span class='ocrx_word' id='word_1_30' title='bbox 1153 582 1461 639; x_wconf 82' lang='lat' dir='ltr'>ambitionem,</span> <span class='ocrx_word' id='word_1_31' title='bbox 1495 585 1636 631; x_wconf 86' lang='lat' dir='ltr'>avari-</span> 
     </span>
     <span class='ocr_line' id='line_1_6' title="bbox 200 658 1635 721; baseline 0.004 -19"><span class='ocrx_word' id='word_1_32' title='bbox 200 658 324 711; x_wconf 89' lang='lat' dir='ltr'>tiam,</span> <span class='ocrx_word' id='word_1_33' title='bbox 364 658 592 712; x_wconf 82' lang='lat' dir='ltr'>iuvidiam,</span> <span class='ocrx_word' id='word_1_34' title='bbox 631 658 903 711; x_wconf 86' lang='lat' dir='ltr'>discordias,</span> <span class='ocrx_word' id='word_1_35' title='bbox 943 658 1217 718; x_wconf 84' lang='lat' dir='ltr'>multiplices</span> <span class='ocrx_word' id='word_1_36' title='bbox 1251 659 1448 720; x_wconf 91' lang='lat' dir='ltr'>denique</span> <span class='ocrx_word' id='word_1_37' title='bbox 1483 667 1635 721; x_wconf 86' lang='lat' dir='ltr'>potes·</span> 
     </span>
     <span class='ocr_line' id='line_1_7' title="bbox 201 734 1638 795; baseline 0.003 -16"><span class='ocrx_word' id='word_1_38' title='bbox 201 734 305 780; x_wconf 90' lang='lat' dir='ltr'>tatis</span> <span class='ocrx_word' id='word_1_39' title='bbox 330 734 499 781; x_wconf 87' lang='lat' dir='ltr'>abusus</span> <span class='ocrx_word' id='word_1_40' title='bbox 524 735 685 795; x_wconf 83' lang='lat' dir='ltr'>carpit,</span> <span class='ocrx_word' id='word_1_41' title='bbox 715 734 848 780; x_wconf 92' lang='lat' dir='ltr'>simul</span> <span class='ocrx_word' id='word_1_42' title='bbox 883 734 1051 780; x_wconf 90' lang='lat' dir='ltr'>indicat</span> <span class='ocrx_word' id='word_1_43' title='bbox 1077 735 1274 781; x_wconf 80' lang='lat' dir='ltr'>remedia</span> <span class='ocrx_word' id='word_1_44' title='bbox 1299 742 1343 782; x_wconf 92' lang='lat' dir='ltr'>et</span> <span class='ocrx_word' id='word_1_45' title='bbox 1367 735 1420 782; x_wconf 88' lang='lat' dir='ltr'>ad</span> <span class='ocrx_word' id='word_1_46' title='bbox 1446 736 1638 784; x_wconf 88' lang='lat' dir='ltr'>virtutes</span> 
     </span>
     <span class='ocr_line' id='line_1_8' title="bbox 198 813 1637 872; baseline 0.003 -14"><span class='ocrx_word' id='word_1_47' title='bbox 198 813 435 872; x_wconf 90' lang='lat' dir='ltr'>oppositas</span> <span class='ocrx_word' id='word_1_48' title='bbox 469 814 688 866; x_wconf 83' lang='lat' dir='ltr'>hortatur,</span> <span class='ocrx_word' id='word_1_49' title='bbox 720 813 905 872; x_wconf 75' lang='lat' dir='ltr'>haecque</span> <span class='ocrx_word' id='word_1_50' title='bbox 937 813 1086 858; x_wconf 91' lang='lat' dir='ltr'>omnia</span> <span class='ocrx_word' id='word_1_51' title='bbox 1115 819 1235 859; x_wconf 91' lang='lat' dir='ltr'>tanta</span> <span class='ocrx_word' id='word_1_52' title='bbox 1263 828 1365 860; x_wconf 89' lang='lat' dir='ltr'>cum</span> <span class='ocrx_word' id='word_1_53' title='bbox 1395 814 1438 861; x_wconf 92' lang='lat' dir='ltr'>vi</span> <span class='ocrx_word' id='word_1_54' title='bbox 1465 820 1509 862; x_wconf 86' lang='lat' dir='ltr'>et</span> <span class='ocrx_word' id='word_1_55' title='bbox 1532 828 1637 862; x_wconf 86' lang='lat' dir='ltr'>auc·</span> 
     </span>
     <span class='ocr_line' id='line_1_9' title="bbox 198 890 1633 950; baseline 0.002 -15"><span class='ocrx_word' id='word_1_56' title='bbox 198 890 378 936; x_wconf 83' lang='lat' dir='ltr'>toritate</span> <span class='ocrx_word' id='word_1_57' title='bbox 416 890 591 950; x_wconf 85' lang='lat' dir='ltr'>peragit</span> <span class='ocrx_word' id='word_1_58' title='bbox 627 895 836 950; x_wconf 86' lang='lat' dir='ltr'>quantam</span> <span class='ocrx_word' id='word_1_59' title='bbox 873 890 1044 936; x_wconf 90' lang='lat' dir='ltr'>nullum</span> <span class='ocrx_word' id='word_1_60' title='bbox 1081 904 1277 950; x_wconf 87' lang='lat' dir='ltr'>unquam</span> <span class='ocrx_word' id='word_1_61' title='bbox 1311 891 1633 947; x_wconf 89' lang='lat' dir='ltr'>christianum,</span> 
     </span>
     <span class='ocr_line' id='line_1_10' title="bbox 199 965 1634 1028; baseline 0.003 -18"><span class='ocrx_word' id='word_1_62' title='bbox 199 966 286 1011; x_wconf 92' lang='lat' dir='ltr'>nisi</span> <span class='ocrx_word' id='word_1_63' title='bbox 319 966 378 1011; x_wconf 89' lang='lat' dir='ltr'>sit</span> <span class='ocrx_word' id='word_1_64' title='bbox 408 965 549 1026; x_wconf 84' lang='lat' dir='ltr'>gradu</span> <span class='ocrx_word' id='word_1_65' title='bbox 583 965 792 1025; x_wconf 86' lang='lat' dir='ltr'>superior</span> <span class='ocrx_word' id='word_1_66' title='bbox 823 966 891 1011; x_wconf 90' lang='lat' dir='ltr'>vel</span> <span class='ocrx_word' id='word_1_67' title='bbox 924 972 1046 1012; x_wconf 87' lang='lat' dir='ltr'>certe</span> <span class='ocrx_word' id='word_1_68' title='bbox 1077 966 1266 1026; x_wconf 81' lang='lat' dir='ltr'>aequalis</span> <span class='ocrx_word' id='word_1_69' title='bbox 1298 966 1355 1013; x_wconf 91' lang='lat' dir='ltr'>iis</span> <span class='ocrx_word' id='word_1_70' title='bbox 1386 981 1502 1028; x_wconf 88' lang='lat' dir='ltr'>quos</span> <span class='ocrx_word' id='word_1_71' title='bbox 1526 968 1634 1015; x_wconf 88' lang='lat' dir='ltr'>allo-</span> 
     </span>
     <span class='ocr_line' id='line_1_11' title="bbox 198 1041 1637 1103; baseline 0.003 -17"><span class='ocrx_word' id='word_1_72' title='bbox 198 1041 367 1102; x_wconf 86' lang='lat' dir='ltr'>quitur,</span> <span class='ocrx_word' id='word_1_73' title='bbox 414 1056 521 1101; x_wconf 84' lang='lat' dir='ltr'>erga</span> <span class='ocrx_word' id='word_1_74' title='bbox 568 1041 792 1087; x_wconf 78' lang='lat' dir='ltr'>Praesules</span> <span class='ocrx_word' id='word_1_75' title='bbox 836 1048 877 1087; x_wconf 88' lang='lat' dir='ltr'>et</span> <span class='ocrx_word' id='word_1_76' title='bbox 929 1042 1224 1102; x_wconf 86' lang='lat' dir='ltr'>presbyteros</span> <span class='ocrx_word' id='word_1_77' title='bbox 1277 1057 1371 1103; x_wconf 86' lang='lat' dir='ltr'>prae</span> <span class='ocrx_word' id='word_1_78' title='bbox 1421 1057 1471 1090; x_wconf 91' lang='lat' dir='ltr'>se</span> <span class='ocrx_word' id='word_1_79' title='bbox 1520 1043 1637 1090; x_wconf 88' lang='lat' dir='ltr'>ferre</span> 
     </span>
     <span class='ocr_line' id='line_1_12' title="bbox 196 1118 1633 1178; baseline 0.003 -14"><span class='ocrx_word' id='word_1_80' title='bbox 196 1132 407 1164; x_wconf 89' lang='lat' dir='ltr'>ausurum</span> <span class='ocrx_word' id='word_1_81' title='bbox 462 1124 759 1164; x_wconf 85' lang='lat' dir='ltr'>autumamus.</span> <span class='ocrx_word' id='word_1_82' title='bbox 821 1118 934 1163; x_wconf 92' lang='lat' dir='ltr'>Illud</span> <span class='ocrx_word' id='word_1_83' title='bbox 991 1119 1177 1178; x_wconf 88' lang='lat' dir='ltr'>insuper</span> <span class='ocrx_word' id='word_1_84' title='bbox 1230 1119 1474 1166; x_wconf 89' lang='lat' dir='ltr'>notandum</span> <span class='ocrx_word' id='word_1_85' title='bbox 1527 1127 1633 1175; x_wconf 90' lang='lat' dir='ltr'>est,</span> 
     </span>
     <span class='ocr_line' id='line_1_13' title="bbox 196 1195 1634 1255; baseline 0.003 -16"><span class='ocrx_word' id='word_1_86' title='bbox 196 1195 488 1254; x_wconf 84' lang='lat' dir='ltr'>Aphraatcm‚</span> <span class='ocrx_word' id='word_1_87' title='bbox 536 1195 913 1255; x_wconf 85' lang='lat' dir='ltr'>quemadmodum</span> <span class='ocrx_word' id='word_1_88' title='bbox 951 1195 1041 1255; x_wconf 90' lang='lat' dir='ltr'>jam</span> <span class='ocrx_word' id='word_1_89' title='bbox 1085 1196 1235 1242; x_wconf 87' lang='lat' dir='ltr'>statim</span> <span class='ocrx_word' id='word_1_90' title='bbox 1277 1196 1331 1242; x_wconf 89' lang='lat' dir='ltr'>ab</span> <span class='ocrx_word' id='word_1_91' title='bbox 1375 1197 1504 1243; x_wconf 90' lang='lat' dir='ltr'>initio</span> <span class='ocrx_word' id='word_1_92' title='bbox 1547 1212 1634 1244; x_wconf 92' lang='lat' dir='ltr'>non</span> 
     </span>
     <span class='ocr_line' id='line_1_14' title="bbox 198 1271 1636 1334; baseline 0.003 -17"><span class='ocrx_word' id='word_1_93' title='bbox 198 1278 366 1317; x_wconf 87' lang='lat' dir='ltr'>tantum</span> <span class='ocrx_word' id='word_1_94' title='bbox 417 1272 592 1325; x_wconf 83' lang='lat' dir='ltr'>fideles,</span> <span class='ocrx_word' id='word_1_95' title='bbox 639 1272 719 1318; x_wconf 90' lang='lat' dir='ltr'>sed</span> <span class='ocrx_word' id='word_1_96' title='bbox 762 1271 1002 1325; x_wconf 90' lang='lat' dir='ltr'>diaconos,</span> <span class='ocrx_word' id='word_1_97' title='bbox 1048 1273 1327 1326; x_wconf 82' lang='lat' dir='ltr'>sacerdotes,</span> <span class='ocrx_word' id='word_1_98' title='bbox 1380 1273 1636 1334; x_wconf 88' lang='lat' dir='ltr'>Episcopos</span> 
     </span>
     <span class='ocr_line' id='line_1_15' title="bbox 196 1349 1635 1410; baseline 0.002 -17"><span class='ocrx_word' id='word_1_99' title='bbox 196 1349 375 1394; x_wconf 87' lang='lat' dir='ltr'>nomine</span> <span class='ocrx_word' id='word_1_100' title='bbox 409 1349 594 1394; x_wconf 83' lang='lat' dir='ltr'>fratrum</span> <span class='ocrx_word' id='word_1_101' title='bbox 631 1349 889 1408; x_wconf 88' lang='lat' dir='ltr'>compellat,</span> <span class='ocrx_word' id='word_1_102' title='bbox 927 1349 986 1395; x_wconf 85' lang='lat' dir='ltr'>ita</span> <span class='ocrx_word' id='word_1_103' title='bbox 1020 1349 1237 1409; x_wconf 84' lang='lat' dir='ltr'>deinceps</span> <span class='ocrx_word' id='word_1_104' title='bbox 1281 1349 1379 1410; x_wconf 91' lang='lat' dir='ltr'>ipsa</span> <span class='ocrx_word' id='word_1_105' title='bbox 1420 1350 1635 1410; x_wconf 90' lang='lat' dir='ltr'>loquendi</span> 
     </span>
     <span class='ocr_line' id='line_1_16' title="bbox 195 1426 1636 1486; baseline 0.002 -16"><span class='ocrx_word' id='word_1_106' title='bbox 195 1426 335 1471; x_wconf 87' lang='lat' dir='ltr'>forma</span> <span class='ocrx_word' id='word_1_107' title='bbox 371 1440 472 1472; x_wconf 92' lang='lat' dir='ltr'>sese</span> <span class='ocrx_word' id='word_1_108' title='bbox 513 1426 681 1484; x_wconf 65' lang='lat' dir='ltr'>smpius</span> <span class='ocrx_word' id='word_1_109' title='bbox 715 1439 958 1472; x_wconf 86' lang='lat' dir='ltr'>accensere</span> <span class='ocrx_word' id='word_1_110' title='bbox 985 1426 1246 1486; x_wconf 86' lang='lat' dir='ltr'>pastoribus</span> <span class='ocrx_word' id='word_1_111' title='bbox 1272 1426 1327 1471; x_wconf 88' lang='lat' dir='ltr'>ad</span> <span class='ocrx_word' id='word_1_112' title='bbox 1352 1439 1468 1486; x_wconf 89' lang='lat' dir='ltr'>quos</span> <span class='ocrx_word' id='word_1_113' title='bbox 1499 1427 1636 1473; x_wconf 90' lang='lat' dir='ltr'>verba</span> 
     </span>
     <span class='ocr_line' id='line_1_17' title="bbox 194 1501 1636 1563; baseline 0.003 -18"><span class='ocrx_word' id='word_1_114' title='bbox 194 1501 367 1561; x_wconf 84' lang='lat' dir='ltr'>dirigit.</span> <span class='ocrx_word' id='word_1_115' title='bbox 411 1502 624 1560; x_wconf 80' lang='lat' dir='ltr'>Exempla</span> <span class='ocrx_word' id='word_1_116' title='bbox 664 1503 878 1547; x_wconf 91' lang='lat' dir='ltr'>nonnulla</span> <span class='ocrx_word' id='word_1_117' title='bbox 916 1502 1219 1561; x_wconf 88' lang='lat' dir='ltr'>producemus</span> <span class='ocrx_word' id='word_1_118' title='bbox 1254 1501 1309 1547; x_wconf 89' lang='lat' dir='ltr'>ad</span> <span class='ocrx_word' id='word_1_119' title='bbox 1335 1515 1490 1548; x_wconf 91' lang='lat' dir='ltr'>eorum</span> <span class='ocrx_word' id='word_1_120' title='bbox 1533 1517 1636 1563; x_wconf 83' lang='lat' dir='ltr'>quae</span> 
     </span>
     <span class='ocr_line' id='line_1_18' title="bbox 191 1579 906 1624; baseline 0.001 -1"><span class='ocrx_word' id='word_1_121' title='bbox 191 1579 470 1624; x_wconf 88' lang='lat' dir='ltr'>asseruimus</span> <span class='ocrx_word' id='word_1_122' title='bbox 495 1579 906 1624; x_wconf 77' lang='lat' dir='ltr'>confirmationem.</span> 
     </span>
    </p>

    <p class='ocr_par' dir='ltr' id='par_1_3' title="bbox 187 1655 1632 2330">
     <span class='ocr_line' id='line_1_19' title="bbox 258 1655 1631 1716; baseline 0.003 -17"><span class='ocrx_word' id='word_1_123' title='bbox 258 1655 338 1699; x_wconf 80' lang='lat' dir='ltr'>Vix</span> <span class='ocrx_word' id='word_1_124' title='bbox 365 1669 619 1701; x_wconf 77' lang='lat' dir='ltr'>sermonem</span> <span class='ocrx_word' id='word_1_125' title='bbox 654 1669 861 1709; x_wconf 86' lang='lat' dir='ltr'>exorsus,</span> <span class='ocrx_word' id='word_1_126' title='bbox 891 1655 998 1701; x_wconf 88' lang='lat' dir='ltr'>vitia</span> <span class='ocrx_word' id='word_1_127' title='bbox 1033 1656 1142 1702; x_wconf 92' lang='lat' dir='ltr'>cleri</span> <span class='ocrx_word' id='word_1_128' title='bbox 1169 1656 1453 1716; x_wconf 85' lang='lat' dir='ltr'>gravissimis</span> <span class='ocrx_word' id='word_1_129' title='bbox 1479 1657 1631 1704; x_wconf 90' lang='lat' dir='ltr'>verbis</span> 
     </span>
     <span class='ocr_line' id='line_1_20' title="bbox 192 1730 1627 1795; baseline 0.001 -18"><span class='ocrx_word' id='word_1_130' title='bbox 192 1738 313 1777; x_wconf 90' lang='lat' dir='ltr'>notat</span> <span class='ocrx_word' id='word_1_131' title='bbox 351 1739 484 1792; x_wconf 87' lang='lat' dir='ltr'>atque</span> <span class='ocrx_word' id='word_1_132' title='bbox 519 1733 807 1792; x_wconf 80' lang='lat' dir='ltr'>reprehendit</span> <span class='ocrx_word' id='word_1_133' title='bbox 840 1740 889 1789; x_wconf 61' lang='grc' dir='ltr'>(ιν)</span> <span class='ocrx_word' id='word_1_134' title='bbox 931 1749 939 1777; x_wconf 90' lang='grc'>;</span> <span class='ocrx_word' id='word_1_135' title='bbox 981 1752 1002 1773; x_wconf 90' lang='lat'>«</span> <span class='ocrx_word' id='word_1_136' title='bbox 1030 1730 1259 1792; x_wconf 89' lang='lat' dir='ltr'>Scriptum</span> <span class='ocrx_word' id='word_1_137' title='bbox 1296 1733 1429 1779; x_wconf 91' lang='lat' dir='ltr'>etiam</span> <span class='ocrx_word' id='word_1_138' title='bbox 1466 1740 1537 1779; x_wconf 91' lang='lat' dir='ltr'>est</span> <span class='ocrx_word' id='word_1_139' title='bbox 1562 1732 1627 1795; x_wconf 89' lang='lat'>(3),</span> 
     </span>
     <span class='ocr_line' id='line_1_21' title="bbox 190 1810 1630 1870; baseline 0.001 -16"><span class='ocrx_word' id='word_1_140' title='bbox 190 1810 268 1861; x_wconf 86' lang='lat' dir='ltr'>ait,</span> <span class='ocrx_word' id='word_1_141' title='bbox 303 1823 390 1854; x_wconf 81' lang='lat' dir='ltr'>non</span> <span class='ocrx_word' id='word_1_142' title='bbox 424 1824 519 1855; x_wconf 80' lang='lat' dir='ltr'>esse</span> <span class='ocrx_word' id='word_1_143' title='bbox 553 1823 683 1868; x_wconf 79' lang='lat' dir='ltr'>quem</span> <span class='ocrx_word' id='word_1_144' title='bbox 723 1818 1007 1868; x_wconf 80' lang='lat' dir='ltr'>peccatorum</span> <span class='ocrx_word' id='word_1_145' title='bbox 1035 1813 1248 1868; x_wconf 80' lang='lat' dir='ltr'>poeniteat</span> <span class='ocrx_word' id='word_1_146' title='bbox 1281 1818 1324 1857; x_wconf 83' lang='lat' dir='ltr'>et</span> <span class='ocrx_word' id='word_1_147' title='bbox 1356 1813 1435 1870; x_wconf 79' lang='lat' dir='ltr'>qui</span> <span class='ocrx_word' id='word_1_148' title='bbox 1466 1810 1589 1857; x_wconf 80' lang='lat' dir='ltr'>dicat</span> <span class='ocrx_word' id='word_1_149' title='bbox 1619 1828 1630 1856; x_wconf 88' lang='lat'><em>:</em></span> 
     </span>
     <span class='ocr_line' id='line_1_22' title="bbox 191 1887 1632 1948; baseline 0.002 -17"><span class='ocrx_word' id='word_1_150' title='bbox 191 1888 307 1941; x_wconf 74' lang='lat' dir='ltr'>Quid</span> <span class='ocrx_word' id='word_1_151' title='bbox 347 1888 468 1947; x_wconf 75' lang='lat' dir='ltr'>feci?</span> <span class='ocrx_word' id='word_1_152' title='bbox 513 1888 814 1933; x_wconf 83' lang='lat' dir='ltr'>Surrexerunt</span> <span class='ocrx_word' id='word_1_153' title='bbox 852 1888 970 1933; x_wconf 85' lang='lat' dir='ltr'>enim</span> <span class='ocrx_word' id='word_1_154' title='bbox 1008 1888 1052 1932; x_wconf 93' lang='lat' dir='ltr'>in</span> <span class='ocrx_word' id='word_1_155' title='bbox 1087 1888 1256 1948; x_wconf 92' lang='lat' dir='ltr'>populo</span> <span class='ocrx_word' id='word_1_156' title='bbox 1292 1893 1450 1934; x_wconf 91' lang='lat' dir='ltr'>nostro</span> <span class='ocrx_word' id='word_1_157' title='bbox 1492 1887 1632 1934; x_wconf 90' lang='lat' dir='ltr'>duces</span> 
     </span>
     <span class='ocr_line' id='line_1_23' title="bbox 190 1963 1626 2025; baseline 0.002 -17"><span class='ocrx_word' id='word_1_158' title='bbox 190 1964 265 2023; x_wconf 92' lang='lat' dir='ltr'>qui</span> <span class='ocrx_word' id='word_1_159' title='bbox 310 1965 454 2024; x_wconf 81' lang='lat' dir='ltr'>legem</span> <span class='ocrx_word' id='word_1_160' title='bbox 499 1965 778 2024; x_wconf 89' lang='lat' dir='ltr'>reliquerunt</span> <span class='ocrx_word' id='word_1_161' title='bbox 818 1972 862 2010; x_wconf 91' lang='lat' dir='ltr'>et</span> <span class='ocrx_word' id='word_1_162' title='bbox 905 1964 1084 2025; x_wconf 82' lang='lat' dir='ltr'>gloriati</span> <span class='ocrx_word' id='word_1_163' title='bbox 1134 1972 1239 2010; x_wconf 90' lang='lat' dir='ltr'>sunt</span> <span class='ocrx_word' id='word_1_164' title='bbox 1285 1965 1329 2010; x_wconf 91' lang='lat' dir='ltr'>in</span> <span class='ocrx_word' id='word_1_165' title='bbox 1372 1963 1626 2024; x_wconf 87' lang='lat' dir='ltr'>iniquitate.</span> 
     </span>
     <span class='ocr_line' id='line_1_24' title="bbox 190 2040 1629 2100; baseline 0.001 -15"><span class='ocrx_word' id='word_1_166' title='bbox 190 2040 378 2086; x_wconf 81' lang='lat' dir='ltr'>Divitias</span> <span class='ocrx_word' id='word_1_167' title='bbox 412 2048 785 2100; x_wconf 80' lang='lat' dir='ltr'>comparaverunt</span> <span class='ocrx_word' id='word_1_168' title='bbox 827 2049 869 2087; x_wconf 92' lang='lat' dir='ltr'>ct</span> <span class='ocrx_word' id='word_1_169' title='bbox 907 2042 1012 2088; x_wconf 89' lang='lat' dir='ltr'>victi</span> <span class='ocrx_word' id='word_1_170' title='bbox 1048 2049 1153 2087; x_wconf 91' lang='lat' dir='ltr'>sunt</span> <span class='ocrx_word' id='word_1_171' title='bbox 1186 2041 1391 2095; x_wconf 86' lang='lat' dir='ltr'>avaritia;</span> <span class='ocrx_word' id='word_1_172' title='bbox 1424 2041 1629 2087; x_wconf 84' lang='lat' dir='ltr'>foenerati</span> 
     </span>
     <span class='ocr_line' id='line_1_25' title="bbox 191 2117 1628 2179; baseline -0.001 -16"><span class='ocrx_word' id='word_1_173' title='bbox 191 2124 291 2163; x_wconf 90' lang='lat' dir='ltr'>sunt</span> <span class='ocrx_word' id='word_1_174' title='bbox 331 2125 374 2163; x_wconf 78' lang='lat' dir='ltr'>et</span> <span class='ocrx_word' id='word_1_175' title='bbox 413 2132 572 2163; x_wconf 89' lang='lat' dir='ltr'>usuras</span> <span class='ocrx_word' id='word_1_176' title='bbox 598 2125 887 2178; x_wconf 89' lang='lat' dir='ltr'>acceperunt,</span> <span class='ocrx_word' id='word_1_177' title='bbox 929 2133 1074 2179; x_wconf 90' lang='lat' dir='ltr'>neque</span> <span class='ocrx_word' id='word_1_178' title='bbox 1109 2119 1226 2166; x_wconf 94' lang='lat' dir='ltr'>ullus</span> <span class='ocrx_word' id='word_1_179' title='bbox 1259 2124 1329 2166; x_wconf 82' lang='lat' dir='ltr'>est</span> <span class='ocrx_word' id='word_1_180' title='bbox 1361 2117 1438 2179; x_wconf 92' lang='lat' dir='ltr'>qui</span> <span class='ocrx_word' id='word_1_181' title='bbox 1475 2130 1628 2164; x_wconf 88' lang='lat' dir='ltr'>recor-</span> 
     </span>
     <span class='ocr_line' id='line_1_26' title="bbox 188 2194 1625 2258; baseline 0.001 -19"><span class='ocrx_word' id='word_1_182' title='bbox 188 2194 320 2240; x_wconf 87' lang='lat' dir='ltr'>detur</span> <span class='ocrx_word' id='word_1_183' title='bbox 361 2195 518 2240; x_wconf 88' lang='lat' dir='ltr'>horum</span> <span class='ocrx_word' id='word_1_184' title='bbox 563 2195 802 2241; x_wconf 84' lang='lat' dir='ltr'>verborum</span> <span class='ocrx_word' id='word_1_185' title='bbox 846 2196 889 2241; x_wconf 90' lang='lat' dir='ltr'>S.</span> <span class='ocrx_word' id='word_1_186' title='bbox 937 2195 1182 2255; x_wconf 83' lang='lat' dir='ltr'>Scripturae</span> <span class='ocrx_word' id='word_1_187' title='bbox 1223 2195 1270 2258; x_wconf 74' lang='grc'>(4)</span> <span class='ocrx_word' id='word_1_188' title='bbox 1316 2213 1325 2243; x_wconf 84' lang='grc'>;</span> <span class='ocrx_word' id='word_1_189' title='bbox 1374 2197 1543 2242; x_wconf 77' lang='lat' dir='ltr'>Usuras</span> <span class='ocrx_word' id='word_1_190' title='bbox 1583 2202 1625 2240; x_wconf 84' lang='lat' dir='ltr'>et</span> 
     </span>
     <span class='ocr_line' id='line_1_27' title="bbox 187 2271 1627 2330; baseline 0 -14"><span class='ocrx_word' id='word_1_191' title='bbox 187 2271 333 2330; x_wconf 63' lang='lat' dir='ltr'>lienus</span> <span class='ocrx_word' id='word_1_192' title='bbox 375 2286 430 2316; x_wconf 84' lang='lat' dir='ltr'>ne</span> <span class='ocrx_word' id='word_1_193' title='bbox 470 2273 652 2329; x_wconf 71' lang='lat' dir='ltr'>exi9c18;</span> <span class='ocrx_word' id='word_1_194' title='bbox 698 2277 741 2317; x_wconf 91' lang='lat' dir='ltr'>et</span> <span class='ocrx_word' id='word_1_195' title='bbox 775 2271 964 2317; x_wconf 88' lang='lat' dir='ltr'>aliorum</span> <span class='ocrx_word' id='word_1_196' title='bbox 999 2271 1047 2326; x_wconf 77' lang='lat'>(5)</span> <span class='ocrx_word' id='word_1_197' title='bbox 1091 2289 1098 2317; x_wconf 92' lang='lat'>:</span> <span class='ocrx_word' id='word_1_198' title='bbox 1139 2274 1224 2327; x_wconf 78' lang='lat' dir='ltr'>Qui</span> <span class='ocrx_word' id='word_1_199' title='bbox 1256 2274 1304 2317; x_wconf 84' lang='lat' dir='ltr'>in</span> <span class='ocrx_word' id='word_1_200' title='bbox 1341 2271 1627 2318; x_wconf 80' lang='lat' dir='ltr'>tabernaculo</span> 
     </span>
    </p>
   </div>
   <div class='ocr_carea' id='block_1_3' title="bbox 186 2447 1624 2761">
    <p class='ocr_par' dir='ltr' id='par_1_4' title="bbox 186 2447 1624 2541">
     <span class='ocr_line' id='line_1_28' title="bbox 232 2447 1624 2493; baseline 0.006 -16"><span class='ocrx_word' id='word_1_201' title='bbox 232 2447 278 2485; x_wconf 86' lang='grc'>(1)</span> <span class='ocrx_word' id='word_1_202' title='bbox 306 2448 378 2479; x_wconf 73' lang='lat' dir='ltr'>Prae</span> <span class='ocrx_word' id='word_1_203' title='bbox 395 2447 535 2480; x_wconf 83' lang='lat' dir='ltr'>caetcris</span> <span class='ocrx_word' id='word_1_204' title='bbox 552 2447 649 2491; x_wconf 83' lang='lat' dir='ltr'>digni</span> <span class='ocrx_word' id='word_1_205' title='bbox 670 2453 753 2481; x_wconf 86' lang='lat' dir='ltr'>sunt</span> <span class='ocrx_word' id='word_1_206' title='bbox 773 2448 833 2490; x_wconf 84' lang='lat' dir='ltr'>qui</span> <span class='ocrx_word' id='word_1_207' title='bbox 851 2447 1083 2482; x_wconf 82' lang='lat' dir='ltr'>conserantur</span> <span class='ocrx_word' id='word_1_208' title='bbox 1097 2447 1134 2490; x_wconf 65' lang='grc' dir='ltr'>ἐξ</span> <span class='ocrx_word' id='word_1_209' title='bbox 1152 2451 1182 2488; x_wconf 85' lang='grc'>1,</span> <span class='ocrx_word' id='word_1_210' title='bbox 1201 2449 1234 2487; x_wconf 76' lang='lat'>2,</span> <span class='ocrx_word' id='word_1_211' title='bbox 1253 2451 1285 2488; x_wconf 83' lang='lat'>3,</span> <span class='ocrx_word' id='word_1_212' title='bbox 1303 2449 1339 2489; x_wconf 83' lang='lat'>6,</span> <span class='ocrx_word' id='word_1_213' title='bbox 1360 2449 1412 2490; x_wconf 74' lang='lat'>¹2,</span> <span class='ocrx_word' id='word_1_214' title='bbox 1430 2451 1483 2491; x_wconf 70' lang='lat'>¹3,</span> <span class='ocrx_word' id='word_1_215' title='bbox 1503 2452 1555 2493; x_wconf 79' lang='lat'>¹5,</span> <span class='ocrx_word' id='word_1_216' title='bbox 1571 2452 1624 2492; x_wconf 86' lang='grc'>16,</span> 
     </span>
     <span class='ocr_line' id='line_1_29' title="bbox 186 2501 500 2541; baseline 0.003 -7"><span class='ocrx_word' id='word_1_217' title='bbox 186 2501 239 2537; x_wconf 75' lang='lat'>23.</span> <span class='ocrx_word' id='word_1_218' title='bbox 258 2502 315 2541; x_wconf 67' lang='lat'>24,</span> <span class='ocrx_word' id='word_1_219' title='bbox 333 2502 375 2534; x_wconf 79' lang='lat'>26</span> <span class='ocrx_word' id='word_1_220' title='bbox 393 2506 427 2535; x_wconf 88' lang='lat' dir='ltr'>et</span> <span class='ocrx_word' id='word_1_221' title='bbox 445 2502 500 2535; x_wconf 78' lang='lat'>28.</span> 
     </span>
    </p>

    <p class='ocr_par' dir='ltr' id='par_1_5' title="bbox 227 2556 1006 2598">
     <span class='ocr_line' id='line_1_30' title="bbox 227 2556 1006 2598; baseline 0.006 -11"><span class='ocrx_word' id='word_1_222' title='bbox 227 2557 275 2597; x_wconf 77' lang='lat'>(2)</span> <span class='ocrx_word' id='word_1_223' title='bbox 300 2556 367 2589; x_wconf 84' lang='lat' dir='ltr'>Csr.</span> <span class='ocrx_word' id='word_1_224' title='bbox 388 2557 403 2596; x_wconf 68' lang='grc' dir='ltr'><strong>ξ</strong></span> <span class='ocrx_word' id='word_1_225' title='bbox 424 2558 452 2595; x_wconf 89' lang='grc'>1,</span> <span class='ocrx_word' id='word_1_226' title='bbox 472 2557 564 2591; x_wconf 86' lang='lat' dir='ltr'>circa</span> <span class='ocrx_word' id='word_1_227' title='bbox 584 2557 711 2598; x_wconf 76' lang='lat' dir='ltr'>tinem3</span> <span class='ocrx_word' id='word_1_228' title='bbox 733 2558 815 2591; x_wconf 82' lang='lat' dir='ltr'>item</span> <span class='ocrx_word' id='word_1_229' title='bbox 836 2558 868 2598; x_wconf 62' lang='grc' dir='ltr'>ἐξ</span> <span class='ocrx_word' id='word_1_230' title='bbox 885 2559 906 2591; x_wconf 79' lang='grc'>2</span> <span class='ocrx_word' id='word_1_231' title='bbox 923 2563 957 2592; x_wconf 85' lang='lat' dir='ltr'>et</span> <span class='ocrx_word' id='word_1_232' title='bbox 973 2561 1006 2592; x_wconf 82' lang='lat'>3.</span> 
     </span>
    </p>

    <p class='ocr_par' dir='ltr' id='par_1_6' title="bbox 226 2610 1214 2654">
     <span class='ocr_line' id='line_1_31' title="bbox 226 2610 1214 2654; baseline 0.002 -11"><span class='ocrx_word' id='word_1_233' title='bbox 226 2612 273 2649; x_wconf 76' lang='grc'>(3)</span> <span class='ocrx_word' id='word_1_234' title='bbox 299 2610 436 2643; x_wconf 77' lang='lat' dir='ltr'>Vidcsis</span> <span class='ocrx_word' id='word_1_235' title='bbox 456 2611 604 2645; x_wconf 82' lang='lat' dir='ltr'>Numer.</span> <span class='ocrx_word' id='word_1_236' title='bbox 626 2613 742 2651; x_wconf 78' lang='lat' dir='ltr'>xxm,</span> <span class='ocrx_word' id='word_1_237' title='bbox 766 2614 815 2648; x_wconf 82' lang='grc'>19.</span> <span class='ocrx_word' id='word_1_238' title='bbox 835 2617 869 2645; x_wconf 81' lang='lat' dir='ltr'>et</span> <span class='ocrx_word' id='word_1_239' title='bbox 888 2614 898 2645; x_wconf 92' lang='grc' dir='ltr'>Ι</span> <span class='ocrx_word' id='word_1_240' title='bbox 919 2613 1053 2654; x_wconf 66' lang='lat' dir='ltr'>aequm</span> <span class='ocrx_word' id='word_1_241' title='bbox 1074 2614 1140 2652; x_wconf 80' lang='lat' dir='ltr'>XV,</span> <span class='ocrx_word' id='word_1_242' title='bbox 1156 2614 1214 2646; x_wconf 76' lang='lat'>29.</span> 
     </span>
    </p>

    <p class='ocr_par' dir='ltr' id='par_1_7' title="bbox 227 2664 601 2706">
     <span class='ocr_line' id='line_1_32' title="bbox 227 2664 601 2706; baseline 0.008 -10"><span class='ocrx_word' id='word_1_243' title='bbox 227 2665 274 2701; x_wconf 76' lang='lat' dir='ltr'><em>w</em></span> <span class='ocrx_word' id='word_1_244' title='bbox 302 2664 414 2697; x_wconf 81' lang='lat' dir='ltr'>Levil.</span> <span class='ocrx_word' id='word_1_245' title='bbox 435 2666 528 2706; x_wconf 78' lang='lat' dir='ltr'>XXV,</span> <span class='ocrx_word' id='word_1_246' title='bbox 548 2667 601 2699; x_wconf 81' lang='lat'>36.</span> 
     </span>
    </p>

    <p class='ocr_par' dir='ltr' id='par_1_8' title="bbox 228 2721 495 2761">
     <span class='ocr_line' id='line_1_33' title="bbox 228 2721 495 2761; baseline 0 -8"><span class='ocrx_word' id='word_1_247' title='bbox 228 2722 277 2758; x_wconf 82' lang='lat'>(5)</span> <span class='ocrx_word' id='word_1_248' title='bbox 304 2721 357 2752; x_wconf 79' lang='lat' dir='ltr'>rs.</span> <span class='ocrx_word' id='word_1_249' title='bbox 380 2722 445 2761; x_wconf 82' lang='lat' dir='ltr'>xv,</span> <span class='ocrx_word' id='word_1_250' title='bbox 466 2723 495 2753; x_wconf 72' lang='lat'>5.</span> 
     </span>
    </p>
   </div>
  </div>
 </body>
</html>
