1737 2950
734 190 923 232 -325
986 216 1030 221 —

162 317 288 374 filias
329 314 425 377 ejus
470 316 750 367 Emmanuel,
798 316 844 361 id
884 323 966 369 est,
1015 317 1132 362 Deus
1175 324 1324 362 noster
1365 318 1607 362 nobis-eam.

165 392 293 450 Quod
338 393 376 439 si
422 392 672 438 contendas
717 392 928 438 Messiam
978 393 1212 454 hueusque
1256 408 1344 439 non
1396 394 1608 446 venisse,

164 469 428 530 pertinaeiae
455 474 542 514 tute
569 468 684 514 dabo
711 474 753 514 et
782 469 866 514 hoe
895 482 1182 529 responsum.
1216 469 1442 530 Scriptum
1470 477 1540 517 est
1565 468 1611 533 (i)

160 553 314 606 qentes
339 547 386 591 in
413 547 604 599 Christo,
634 560 735 590 eam
765 546 838 590 hie
870 548 1153 604 apparuerit,
1183 561 1303 604 spem
1337 562 1467 592 suam
1493 549 1610 606 posi-

164 629 294 668 turas
334 636 442 668 esse.
491 623 556 666 En
602 635 716 682 ego,
763 635 815 667 ex
859 622 1072 682 gentibus
1116 629 1269 676 ortus,
1316 624 1463 669 audivi
1508 638 1610 669 eum

162 698 422 750 advenisse,
475 705 518 744 et
567 699 831 759 priusquam
883 713 1042 759 reapse
1090 701 1287 755 venerit,
1341 701 1513 747 credidi
1566 702 1609 745 in

164 776 331 837 ipsum,
361 784 495 837 atque
522 777 564 821 in
594 777 693 838 ipso
721 777 813 823 Deo
841 777 1023 824 Israelis
1060 778 1368 824 adorationem
1397 779 1605 825 exhibeo.

162 853 392 914 Numquid
422 853 514 906 ille,
545 868 634 914 quo
673 860 875 914 tempore
911 855 1077 908 veniet,
1109 869 1178 901 me
1204 855 1526 915 reprehendet,
1557 871 1610 902 eo

163 931 303 992 quod,
333 937 570 991 antequam
608 932 829 992 prodiret,
862 932 903 977 in
933 932 1080 992 ipsum
1117 933 1420 979 crediderim?
1445 934 1608 979 Verum

164 1009 393 1055 enimvero
436 1009 670 1069 proplietae
708 1010 1101 1070 non=permittunt
1137 1010 1235 1064 tibi,
1276 1011 1522 1071 insipiens,
1563 1018 1610 1057 ut

162 1099 342 1132 asseras
368 1086 578 1131 Messiam
608 1086 806 1132 nondum
832 1087 1115 1146 apparuisse.
1142 1087 1357 1148 Coarguit
1385 1093 1426 1133 te
1452 1088 1609 1134 Daniel

163 1161 322 1208 dicens
349 1161 396 1223 (a)
433 1179 440 1206 :
482 1164 584 1208 Post
623 1163 915 1209 hebdomades
956 1166 1199 1224 seoeaqinta
1242 1165 1357 1210 duas
1402 1166 1609 1211 Christus

162 1242 307 1286 veniet
331 1248 372 1286 et
408 1241 649 1286 occidetur.
681 1242 779 1300 Ipso
816 1242 1096 1290 adveniente.
1139 1244 1300 1288 civitas
1324 1252 1485 1289 scarleta
1511 1245 1609 1289 des-

163 1325 358 1370 truetur,
388 1319 638 1363 vastatione
668 1318 804 1375 finem.
841 1320 1045 1378 accipiet,
1075 1327 1117 1365 et
1142 1320 1277 1365 donee
1302 1321 1611 1378 compleantur

162 1409 262 1454 quie
299 1395 531 1454 proefinita
572 1402 705 1445 suat.
751 1397 797 1440 in
838 1398 1052 1442 vastitate
1093 1398 1305 1442 mtmebit.
1360 1398 1423 1442 Tu
1474 1397 1612 1458 igitur

164 1485 323 1532 speras
356 1471 643 1532 confidisque
680 1472 775 1517 fore
811 1479 874 1523 ut,
906 1472 1088 1518 Christo
1124 1474 1351 1527 veniente,
1382 1474 1521 1519 Israel
1558 1488 1611 1519 ex

162 1550 374 1596 omnibus
411 1549 526 1595 loeis
564 1557 889 1611 congregetur.
931 1551 1246 1612 Hierosolyma
1281 1552 1533 1598 {edificetur
1568 1558 1612 1598 et

163 1635 392 1689 exsurgat.
425 1627 582 1673 Daniel
618 1641 726 1673 vero
761 1628 912 1680 docet,
952 1644 1089 1689 quum
1126 1630 1319 1676 Messias
1356 1630 1532 1676 venerit
1566 1637 1610 1675 et

162 1705 345 1751 occisus
379 1704 531 1753 fuerit.
573 1704 933 1766 Hierosolymam
972 1712 1190 1752 vastatum
1230 1706 1302 1761 iri,
1343 1722 1529 1767 eamque
1565 1708 1610 1751 in

160 1781 370 1827 vastitate
420 1795 675 1827 mansuram
724 1782 871 1828 donec
920 1782 1193 1842 impleantur
1239 1798 1339 1843 quse
1386 1784 1609 1843 praetinita

162 1862 287 1904 sunt.'
317 1877 338 1898 »
370 1885 428 1890 —
454 1857 552 1902 Alia
582 1857 686 1903 dein
725 1858 960 1919 subjungit
994 1859 1184 1919 Sapiens
1219 1860 1355 1905 Persa
1392 1860 1447 1905 de
1481 1861 1608 1906 dolo-

161 1934 307 1989 ribus,
330 1934 593 1994 opprobriis
619 1948 670 1980 ae
697 1941 841 1981 morte
863 1935 1050 1987 Christi,
1079 1936 1133 1981 ab
1161 1936 1276 1981 Isaia
1300 1937 1472 1996 passim
1494 1950 1609 1996 prae-

161 2011 322 2065 dietis;
352 2025 453 2072 quae
479 2011 584 2056 alibi
611 2009 658 2073 (3)
686 2013 1156 2059 commemoravimus.

228 2089 385 2135 Finem
411 2088 608 2148 denique
644 2088 700 2134 de
737 2089 819 2134 hae
845 2103 892 2135 re
919 2089 1100 2135 dicendi
1128 2090 1388 2142 fecerimus.
1415 2091 1452 2136 si
1480 2092 1611 2136 allata

161 2166 328 2212 fuerint
370 2179 470 2226 quae
514 2166 557 2210 in
601 2167 800 2224 Epistola
841 2167 942 2212 XIX
982 2167 1038 2212 de
1081 2168 1369 2228 septuaginta
1417 2168 1608 2214 visionis

161 2242 405 2289 Danielieae
446 2242 805 2289 hebdomadibus
842 2243 988 2290 fusius
1027 2245 1246 2290 habentur
1272 2246 1337 2306 (a).
1371 2246 1479 2302 Quae
1507 2246 1609 2290 talia

161 2326 268 2366 sunt
296 2336 304 2364 1
338 2338 359 2360 «
385 2318 502 2365 Audi
528 2319 661 2365 etiam
683 2334 783 2380 quae
804 2319 886 2366 tibi
913 2321 1159 2368 traditurus
1187 2336 1286 2368 sum
1313 2323 1368 2368 de
1395 2322 1609 2382 precibus

162 2409 274 2456 quas
312 2395 468 2442 Daniel
496 2409 648 2442 coram
685 2397 779 2443 Deo
806 2396 939 2452 fudit,
969 2398 1149 2458 quando
1191 2413 1273 2458 pro
1314 2399 1610 2459 popularibus

206 2549 252 2587 (Ι)
279 2547 402 2581 Gener.
424 2549 537 2585 Xle.
559 2550 610 2581 ¹0.

206 2601 254 2642 (Ξ)
281 2603 366 2634 Dan.
389 2603 444 2642 lx,
462 2602 518 2640 26.
536 2603 591 2634 27.

207 2659 258 2697 (5)
282 2658 383 2700 Sup.‚
404 2666 485 2700 pag.
507 2658 583 2690 250.

208 2725 255 2764 (4)
281 2723 446 2766 Wright.,
467 2733 500 2766 p.
526 2726 621 2768 ’μῆ-Δ
653 2740 661 2747 ·
