<?xml version="1.0" encoding="UTF-8"?>
<!DOCTYPE html PUBLIC "-//W3C//DTD XHTML 1.0 Transitional//EN"
    "http://www.w3.org/TR/xhtml1/DTD/xhtml1-transitional.dtd">
<html xmlns="http://www.w3.org/1999/xhtml" xml:lang="en" lang="en">
 <head>
  <title>
</title>
<meta http-equiv="Content-Type" content="text/html;charset=utf-8" />
  <meta name='ocr-system' content='tesseract 3.04.00' />
  <meta name='ocr-capabilities' content='ocr_page ocr_carea ocr_par ocr_line ocrx_word'/>
</head>
<body>
  <div class='ocr_page' id='page_1' title='image "./devitaetscriptis00forguoft_0083.png"; bbox 0 0 1737 2950; ppageno 0'>
   <div class='ocr_carea' id='block_1_1' title="bbox 696 151 967 195">
    <p class='ocr_par' dir='ltr' id='par_1_1' title="bbox 696 151 967 195">
     <span class='ocr_line' id='line_1_1' title="bbox 696 151 967 195; baseline -0.004 -12"><span class='ocrx_word' id='word_1_1' title='bbox 696 151 967 195; x_wconf 65' lang='lat'>„65-</span> 
     </span>
    </p>
   </div>
   <div class='ocr_carea' id='block_1_2' title="bbox 99 275 1556 1878">
    <p class='ocr_par' dir='ltr' id='par_1_2' title="bbox 99 275 1556 1646">
     <span class='ocr_line' id='line_1_2' title="bbox 106 275 1554 337; baseline -0.003 -12"><span class='ocrx_word' id='word_1_2' title='bbox 106 293 206 326; x_wconf 90' lang='lat' dir='ltr'>cum</span> <span class='ocrx_word' id='word_1_3' title='bbox 247 278 417 325; x_wconf 84' lang='lat' dir='ltr'>Jacobo</span> <span class='ocrx_word' id='word_1_4' title='bbox 460 278 682 325; x_wconf 87' lang='lat' dir='ltr'>Nisibeno</span> <span class='ocrx_word' id='word_1_5' title='bbox 726 278 812 325; x_wconf 87' lang='lat' dir='ltr'>hoc</span> <span class='ocrx_word' id='word_1_6' title='bbox 859 278 920 324; x_wconf 90' lang='lat' dir='ltr'>sit</span> <span class='ocrx_word' id='word_1_7' title='bbox 968 275 1281 337; x_wconf 88' lang='lat' dir='ltr'>repetendum.</span> <span class='ocrx_word' id='word_1_8' title='bbox 1329 276 1387 322; x_wconf 88' lang='lat' dir='ltr'>Ut</span> <span class='ocrx_word' id='word_1_9' title='bbox 1434 277 1554 322; x_wconf 89' lang='lat' dir='ltr'>enim</span> 
     </span>
     <span class='ocr_line' id='line_1_3' title="bbox 104 354 1554 417; baseline -0.002 -14"><span class='ocrx_word' id='word_1_10' title='bbox 104 357 282 411; x_wconf 86' lang='lat' dir='ltr'>demus,</span> <span class='ocrx_word' id='word_1_11' title='bbox 312 357 388 403; x_wconf 86' lang='lat' dir='ltr'>illa</span> <span class='ocrx_word' id='word_1_12' title='bbox 414 356 512 417; x_wconf 86' lang='lat' dir='ltr'>ipsa</span> <span class='ocrx_word' id='word_1_13' title='bbox 551 362 683 404; x_wconf 82' lang='lat' dir='ltr'>aetate</span> <span class='ocrx_word' id='word_1_14' title='bbox 721 370 809 417; x_wconf 88' lang='lat' dir='ltr'>qua</span> <span class='ocrx_word' id='word_1_15' title='bbox 844 360 1052 403; x_wconf 86' lang='lat' dir='ltr'>exaratus</span> <span class='ocrx_word' id='word_1_16' title='bbox 1092 360 1163 402; x_wconf 90' lang='lat' dir='ltr'>est</span> <span class='ocrx_word' id='word_1_17' title='bbox 1188 354 1332 402; x_wconf 83' lang='lat' dir='ltr'>codex</span> <span class='ocrx_word' id='word_1_18' title='bbox 1358 355 1409 408; x_wconf 91' lang='lat' dir='ltr'>B,</span> <span class='ocrx_word' id='word_1_19' title='bbox 1435 368 1554 401; x_wconf 88' lang='lat' dir='ltr'>anno</span> 
     </span>
     <span class='ocr_line' id='line_1_4' title="bbox 105 432 1555 494; baseline -0.001 -14"><span class='ocrx_word' id='word_1_20' title='bbox 105 434 282 481; x_wconf 88' lang='lat' dir='ltr'>scilicet</span> <span class='ocrx_word' id='word_1_21' title='bbox 305 432 417 489; x_wconf 72' lang='lat'>51⁶2,</span> <span class='ocrx_word' id='word_1_22' title='bbox 442 433 533 494; x_wconf 87' lang='lat' dir='ltr'>jam</span> <span class='ocrx_word' id='word_1_23' title='bbox 560 434 767 494; x_wconf 87' lang='lat' dir='ltr'>potuisse</span> <span class='ocrx_word' id='word_1_24' title='bbox 793 434 853 480; x_wconf 89' lang='lat' dir='ltr'>ita</span> <span class='ocrx_word' id='word_1_25' title='bbox 878 433 1113 480; x_wconf 88' lang='lat' dir='ltr'>obscurari</span> <span class='ocrx_word' id='word_1_26' title='bbox 1138 433 1330 479; x_wconf 91' lang='lat' dir='ltr'>duorum</span> <span class='ocrx_word' id='word_1_27' title='bbox 1355 432 1555 479; x_wconf 87' lang='lat' dir='ltr'>virorum</span> 
     </span>
     <span class='ocr_line' id='line_1_5' title="bbox 105 509 1554 573; baseline -0.002 -16"><span class='ocrx_word' id='word_1_28' title='bbox 105 511 372 573; x_wconf 86' lang='lat' dir='ltr'>insignium,</span> <span class='ocrx_word' id='word_1_29' title='bbox 402 511 479 572; x_wconf 87' lang='lat' dir='ltr'>qui</span> <span class='ocrx_word' id='word_1_30' title='bbox 512 511 556 557; x_wconf 89' lang='lat' dir='ltr'>in</span> <span class='ocrx_word' id='word_1_31' title='bbox 585 511 727 572; x_wconf 88' lang='lat' dir='ltr'>priori</span> <span class='ocrx_word' id='word_1_32' title='bbox 754 516 882 572; x_wconf 87' lang='lat' dir='ltr'>parte</span> <span class='ocrx_word' id='word_1_33' title='bbox 907 509 1063 557; x_wconf 84' lang='lat' dir='ltr'>saeculi</span> <span class='ocrx_word' id='word_1_34' title='bbox 1091 509 1146 556; x_wconf 82' lang='lat' dir='ltr'>IV</span> <span class='ocrx_word' id='word_1_35' title='bbox 1172 509 1435 563; x_wconf 85' lang='lat' dir='ltr'>floruerant,</span> <span class='ocrx_word' id='word_1_36' title='bbox 1466 524 1554 554; x_wconf 85' lang='lat' dir='ltr'>me-</span> 
     </span>
     <span class='ocr_line' id='line_1_6' title="bbox 106 586 1554 647; baseline -0.003 -12"><span class='ocrx_word' id='word_1_37' title='bbox 106 588 310 642; x_wconf 82' lang='lat' dir='ltr'>moriam,</span> <span class='ocrx_word' id='word_1_38' title='bbox 341 593 390 634; x_wconf 93' lang='lat' dir='ltr'>ut</span> <span class='ocrx_word' id='word_1_39' title='bbox 426 588 539 634; x_wconf 89' lang='lat' dir='ltr'>alter</span> <span class='ocrx_word' id='word_1_40' title='bbox 576 588 630 634; x_wconf 90' lang='lat' dir='ltr'>ab</span> <span class='ocrx_word' id='word_1_41' title='bbox 669 589 811 634; x_wconf 88' lang='lat' dir='ltr'>altero</span> <span class='ocrx_word' id='word_1_42' title='bbox 848 601 936 634; x_wconf 92' lang='lat' dir='ltr'>non</span> <span class='ocrx_word' id='word_1_43' title='bbox 975 586 1353 647; x_wconf 79' lang='lat' dir='ltr'>distingueretur,</span> <span class='ocrx_word' id='word_1_44' title='bbox 1383 586 1554 632; x_wconf 90' lang='lat' dir='ltr'>nullum</span> 
     </span>
     <span class='ocr_line' id='line_1_7' title="bbox 105 662 1554 724; baseline -0.001 -14"><span class='ocrx_word' id='word_1_45' title='bbox 105 665 226 712; x_wconf 91' lang='lat' dir='ltr'>illius</span> <span class='ocrx_word' id='word_1_46' title='bbox 252 664 538 712; x_wconf 88' lang='lat' dir='ltr'>confusionis</span> <span class='ocrx_word' id='word_1_47' title='bbox 566 664 782 711; x_wconf 89' lang='lat' dir='ltr'>indicium</span> <span class='ocrx_word' id='word_1_48' title='bbox 809 663 1166 724; x_wconf 85' lang='lat' dir='ltr'>deprehenditur</span> <span class='ocrx_word' id='word_1_49' title='bbox 1188 662 1230 708; x_wconf 89' lang='lat' dir='ltr'>in</span> <span class='ocrx_word' id='word_1_50' title='bbox 1250 662 1554 709; x_wconf 78' lang='lat' dir='ltr'>monumentis</span> 
     </span>
     <span class='ocr_line' id='line_1_8' title="bbox 104 738 1549 802; baseline -0.003 -14"><span class='ocrx_word' id='word_1_51' title='bbox 104 755 204 802; x_wconf 86' lang='lat' dir='ltr'>quae</span> <span class='ocrx_word' id='word_1_52' title='bbox 230 742 535 800; x_wconf 82' lang='lat' dir='ltr'>Epistolarum</span> <span class='ocrx_word' id='word_1_53' title='bbox 566 746 796 787; x_wconf 80' lang='lat' dir='ltr'>auctorem</span> <span class='ocrx_word' id='word_1_54' title='bbox 832 739 988 786; x_wconf 88' lang='lat' dir='ltr'>Jacobi</span> <span class='ocrx_word' id='word_1_55' title='bbox 1026 739 1247 785; x_wconf 87' lang='lat' dir='ltr'>vocabulo</span> <span class='ocrx_word' id='word_1_56' title='bbox 1282 738 1549 800; x_wconf 84' lang='lat' dir='ltr'>designant;</span> 
     </span>
     <span class='ocr_line' id='line_1_9' title="bbox 104 815 1551 876; baseline -0.003 -12"><span class='ocrx_word' id='word_1_57' title='bbox 104 818 192 864; x_wconf 91' lang='lat' dir='ltr'>imo</span> <span class='ocrx_word' id='word_1_58' title='bbox 218 818 498 864; x_wconf 89' lang='lat' dir='ltr'>contrarium</span> <span class='ocrx_word' id='word_1_59' title='bbox 535 832 588 864; x_wconf 86' lang='lat' dir='ltr'>ex</span> <span class='ocrx_word' id='word_1_60' title='bbox 624 818 787 865; x_wconf 90' lang='lat' dir='ltr'>iisdem</span> <span class='ocrx_word' id='word_1_61' title='bbox 821 816 938 863; x_wconf 88' lang='lat' dir='ltr'>haud</span> <span class='ocrx_word' id='word_1_62' title='bbox 979 816 1174 863; x_wconf 89' lang='lat' dir='ltr'>obscure</span> <span class='ocrx_word' id='word_1_63' title='bbox 1210 815 1460 876; x_wconf 83' lang='lat' dir='ltr'>colligitur,</span> <span class='ocrx_word' id='word_1_64' title='bbox 1490 816 1551 861; x_wconf 88' lang='lat' dir='ltr'>si-</span> 
     </span>
     <span class='ocr_line' id='line_1_10' title="bbox 104 893 1556 957; baseline -0.002 -15"><span class='ocrx_word' id='word_1_65' title='bbox 104 893 290 957; x_wconf 88' lang='lat' dir='ltr'>quidem</span> <span class='ocrx_word' id='word_1_66' title='bbox 319 896 438 942; x_wconf 90' lang='lat' dir='ltr'>idem</span> <span class='ocrx_word' id='word_1_67' title='bbox 467 896 543 942; x_wconf 91' lang='lat' dir='ltr'>ille</span> <span class='ocrx_word' id='word_1_68' title='bbox 569 895 771 956; x_wconf 84' lang='lat' dir='ltr'>scriptor</span> <span class='ocrx_word' id='word_1_69' title='bbox 790 895 948 942; x_wconf 91' lang='lat' dir='ltr'>eodem</span> <span class='ocrx_word' id='word_1_70' title='bbox 975 894 1196 941; x_wconf 88' lang='lat' dir='ltr'>orationis</span> <span class='ocrx_word' id='word_1_71' title='bbox 1214 899 1370 940; x_wconf 89' lang='lat' dir='ltr'>tenore</span> <span class='ocrx_word' id='word_1_72' title='bbox 1388 894 1556 940; x_wconf 91' lang='lat' dir='ltr'>dicitur</span> 
     </span>
     <span class='ocr_line' id='line_1_11' title="bbox 104 970 1555 1033; baseline -0.002 -14"><span class='ocrx_word' id='word_1_73' title='bbox 104 978 148 1019; x_wconf 89' lang='lat' dir='ltr'>et</span> <span class='ocrx_word' id='word_1_74' title='bbox 172 973 360 1032; x_wconf 80' lang='lat' dir='ltr'>Sapiens</span> <span class='ocrx_word' id='word_1_75' title='bbox 387 974 543 1026; x_wconf 87' lang='lat' dir='ltr'>Persa,</span> <span class='ocrx_word' id='word_1_76' title='bbox 574 986 802 1033; x_wconf 90' lang='lat' dir='ltr'>nunquam</span> <span class='ocrx_word' id='word_1_77' title='bbox 828 977 975 1018; x_wconf 88' lang='lat' dir='ltr'>autem</span> <span class='ocrx_word' id='word_1_78' title='bbox 1002 971 1046 1017; x_wconf 91' lang='lat' dir='ltr'>S.</span> <span class='ocrx_word' id='word_1_79' title='bbox 1077 971 1275 1017; x_wconf 88' lang='lat' dir='ltr'>Jacobus</span> <span class='ocrx_word' id='word_1_80' title='bbox 1306 970 1555 1016; x_wconf 91' lang='lat' dir='ltr'>Nisibenus</span> 
     </span>
     <span class='ocr_line' id='line_1_12' title="bbox 103 1047 1553 1109; baseline -0.001 -15"><span class='ocrx_word' id='word_1_81' title='bbox 103 1048 162 1095; x_wconf 86' lang='lat' dir='ltr'>ita</span> <span class='ocrx_word' id='word_1_82' title='bbox 201 1049 461 1096; x_wconf 88' lang='lat' dir='ltr'>nominatus</span> <span class='ocrx_word' id='word_1_83' title='bbox 488 1055 558 1096; x_wconf 89' lang='lat' dir='ltr'>est</span> <span class='ocrx_word' id='word_1_84' title='bbox 582 1048 648 1109; x_wconf 72' lang='lat'><strong>(4).</strong></span> <span class='ocrx_word' id='word_1_85' title='bbox 682 1048 810 1105; x_wconf 84' lang='lat' dir='ltr'>Quod</span> <span class='ocrx_word' id='word_1_86' title='bbox 848 1048 886 1094; x_wconf 89' lang='lat' dir='ltr'>si</span> <span class='ocrx_word' id='word_1_87' title='bbox 921 1048 1024 1108; x_wconf 91' lang='lat' dir='ltr'>quis</span> <span class='ocrx_word' id='word_1_88' title='bbox 1060 1047 1259 1107; x_wconf 89' lang='lat' dir='ltr'>objiciat,</span> <span class='ocrx_word' id='word_1_89' title='bbox 1288 1047 1359 1093; x_wconf 88' lang='lat' dir='ltr'>vel</span> <span class='ocrx_word' id='word_1_90' title='bbox 1393 1047 1553 1093; x_wconf 90' lang='lat' dir='ltr'>eodem</span> 
     </span>
     <span class='ocr_line' id='line_1_13' title="bbox 103 1123 1554 1188; baseline -0.001 -16"><span class='ocrx_word' id='word_1_91' title='bbox 103 1132 324 1188; x_wconf 88' lang='lat' dir='ltr'>tempore,</span> <span class='ocrx_word' id='word_1_92' title='bbox 354 1126 424 1172; x_wconf 88' lang='lat' dir='ltr'>vel</span> <span class='ocrx_word' id='word_1_93' title='bbox 464 1126 669 1186; x_wconf 80' lang='lat' dir='ltr'>suppari,</span> <span class='ocrx_word' id='word_1_94' title='bbox 699 1125 940 1186; x_wconf 87' lang='lat' dir='ltr'>Aphraatis</span> <span class='ocrx_word' id='word_1_95' title='bbox 977 1124 1147 1184; x_wconf 91' lang='lat' dir='ltr'>scripta</span> <span class='ocrx_word' id='word_1_96' title='bbox 1179 1123 1297 1184; x_wconf 89' lang='lat' dir='ltr'>apud</span> <span class='ocrx_word' id='word_1_97' title='bbox 1331 1123 1554 1170; x_wconf 84' lang='lat' dir='ltr'>Armenes</span> 
     </span>
     <span class='ocr_line' id='line_1_14' title="bbox 104 1201 1553 1264; baseline -0.001 -16"><span class='ocrx_word' id='word_1_98' title='bbox 104 1203 334 1264; x_wconf 90' lang='lat' dir='ltr'>Episcopo</span> <span class='ocrx_word' id='word_1_99' title='bbox 360 1203 580 1249; x_wconf 87' lang='lat' dir='ltr'>Nisibeno</span> <span class='ocrx_word' id='word_1_100' title='bbox 606 1203 750 1249; x_wconf 86' lang='lat' dir='ltr'>fuisse</span> <span class='ocrx_word' id='word_1_101' title='bbox 775 1216 1012 1263; x_wconf 89' lang='lat' dir='ltr'>perperam</span> <span class='ocrx_word' id='word_1_102' title='bbox 1037 1201 1267 1256; x_wconf 86' lang='lat' dir='ltr'>attributa,</span> <span class='ocrx_word' id='word_1_103' title='bbox 1289 1201 1553 1261; x_wconf 89' lang='lat' dir='ltr'>reponimus</span> 
     </span>
     <span class='ocr_line' id='line_1_15' title="bbox 103 1277 1552 1338; baseline -0.002 -13"><span class='ocrx_word' id='word_1_104' title='bbox 103 1279 214 1326; x_wconf 93' lang='lat' dir='ltr'>nihil</span> <span class='ocrx_word' id='word_1_105' title='bbox 257 1280 361 1327; x_wconf 88' lang='lat' dir='ltr'>inde</span> <span class='ocrx_word' id='word_1_106' title='bbox 397 1285 555 1326; x_wconf 89' lang='lat' dir='ltr'>contra</span> <span class='ocrx_word' id='word_1_107' title='bbox 590 1285 790 1326; x_wconf 88' lang='lat' dir='ltr'>nostram</span> <span class='ocrx_word' id='word_1_108' title='bbox 827 1278 1098 1325; x_wconf 87' lang='lat' dir='ltr'>sententiam</span> <span class='ocrx_word' id='word_1_109' title='bbox 1125 1278 1255 1338; x_wconf 90' lang='lat' dir='ltr'>sequi</span> <span class='ocrx_word' id='word_1_110' title='bbox 1287 1294 1294 1323; x_wconf 90' lang='lat'>:</span> <span class='ocrx_word' id='word_1_111' title='bbox 1326 1277 1402 1323; x_wconf 90' lang='lat' dir='ltr'>tali</span> <span class='ocrx_word' id='word_1_112' title='bbox 1429 1291 1552 1323; x_wconf 87' lang='lat' dir='ltr'>nam-</span> 
     </span>
     <span class='ocr_line' id='line_1_16' title="bbox 102 1354 1553 1417; baseline -0.003 -13"><span class='ocrx_word' id='word_1_113' title='bbox 102 1371 190 1417; x_wconf 88' lang='lat' dir='ltr'>que</span> <span class='ocrx_word' id='word_1_114' title='bbox 237 1357 400 1411; x_wconf 91' lang='lat' dir='ltr'>errori,</span> <span class='ocrx_word' id='word_1_115' title='bbox 453 1362 502 1402; x_wconf 95' lang='lat' dir='ltr'>ut</span> <span class='ocrx_word' id='word_1_116' title='bbox 548 1362 686 1417; x_wconf 86' lang='lat' dir='ltr'>patet,</span> <span class='ocrx_word' id='word_1_117' title='bbox 729 1370 783 1401; x_wconf 89' lang='lat' dir='ltr'>ex</span> <span class='ocrx_word' id='word_1_118' title='bbox 826 1356 924 1415; x_wconf 88' lang='lat' dir='ltr'>ipsa</span> <span class='ocrx_word' id='word_1_119' title='bbox 972 1355 1204 1401; x_wconf 90' lang='lat' dir='ltr'>nominum</span> <span class='ocrx_word' id='word_1_120' title='bbox 1253 1354 1553 1401; x_wconf 88' lang='lat' dir='ltr'>similitudine</span> 
     </span>
     <span class='ocr_line' id='line_1_17' title="bbox 103 1432 1552 1494; baseline -0.001 -16"><span class='ocrx_word' id='word_1_121' title='bbox 103 1434 250 1481; x_wconf 92' lang='lat' dir='ltr'>locum</span> <span class='ocrx_word' id='word_1_122' title='bbox 277 1434 438 1488; x_wconf 87' lang='lat' dir='ltr'>fuisse,</span> <span class='ocrx_word' id='word_1_123' title='bbox 469 1434 602 1480; x_wconf 88' lang='lat' dir='ltr'>etiam</span> <span class='ocrx_word' id='word_1_124' title='bbox 628 1433 746 1494; x_wconf 90' lang='lat' dir='ltr'>apud</span> <span class='ocrx_word' id='word_1_125' title='bbox 774 1447 853 1479; x_wconf 89' lang='lat' dir='ltr'>eos</span> <span class='ocrx_word' id='word_1_126' title='bbox 873 1432 1081 1479; x_wconf 91' lang='lat' dir='ltr'>homines</span> <span class='ocrx_word' id='word_1_127' title='bbox 1107 1432 1183 1492; x_wconf 88' lang='lat' dir='ltr'>qui</span> <span class='ocrx_word' id='word_1_128' title='bbox 1223 1432 1428 1492; x_wconf 87' lang='lat' dir='ltr'>apprime</span> <span class='ocrx_word' id='word_1_129' title='bbox 1464 1432 1552 1477; x_wconf 91' lang='lat' dir='ltr'>sci-</span> 
     </span>
     <span class='ocr_line' id='line_1_18' title="bbox 102 1508 1549 1563; baseline -0.001 -7"><span class='ocrx_word' id='word_1_130' title='bbox 102 1516 202 1557; x_wconf 83' lang='lat' dir='ltr'>rent</span> <span class='ocrx_word' id='word_1_131' title='bbox 251 1511 386 1557; x_wconf 90' lang='lat' dir='ltr'>alium</span> <span class='ocrx_word' id='word_1_132' title='bbox 437 1524 540 1557; x_wconf 89' lang='lat' dir='ltr'>esse</span> <span class='ocrx_word' id='word_1_133' title='bbox 588 1512 796 1556; x_wconf 76' lang='lat' dir='ltr'>Jacobum</span> <span class='ocrx_word' id='word_1_134' title='bbox 840 1511 1116 1563; x_wconf 77' lang='lat' dir='ltr'>Nisibenam,</span> <span class='ocrx_word' id='word_1_135' title='bbox 1163 1508 1298 1554; x_wconf 89' lang='lat' dir='ltr'>alium</span> <span class='ocrx_word' id='word_1_136' title='bbox 1340 1510 1549 1554; x_wconf 64' lang='lat' dir='ltr'>‚Iacobum</span> 
     </span>
     <span class='ocr_line' id='line_1_19' title="bbox 99 1587 579 1646; baseline 0 -14"><span class='ocrx_word' id='word_1_137' title='bbox 99 1587 351 1646; x_wconf 79' lang='lat' dir='ltr'>Sapientem</span> <span class='ocrx_word' id='word_1_138' title='bbox 377 1589 579 1633; x_wconf 80' lang='lat' dir='ltr'>Persam.</span> 
     </span>
    </p>

    <p class='ocr_par' dir='ltr' id='par_1_3' title="bbox 100 1663 1551 1878">
     <span class='ocr_line' id='line_1_20' title="bbox 166 1663 1548 1725; baseline -0.001 -15"><span class='ocrx_word' id='word_1_139' title='bbox 166 1664 389 1711; x_wconf 82' lang='lat' dir='ltr'>Caeterum</span> <span class='ocrx_word' id='word_1_140' title='bbox 415 1664 653 1725; x_wconf 86' lang='lat' dir='ltr'>utriusque</span> <span class='ocrx_word' id='word_1_141' title='bbox 678 1664 997 1725; x_wconf 85' lang='lat' dir='ltr'>appellationis</span> <span class='ocrx_word' id='word_1_142' title='bbox 1022 1663 1247 1725; x_wconf 84' lang='lat' dir='ltr'>originem</span> <span class='ocrx_word' id='word_1_143' title='bbox 1273 1670 1317 1711; x_wconf 87' lang='lat' dir='ltr'>et</span> <span class='ocrx_word' id='word_1_144' title='bbox 1352 1670 1548 1710; x_wconf 86' lang='lat' dir='ltr'>mutuam</span> 
     </span>
     <span class='ocr_line' id='line_1_21' title="bbox 101 1741 1549 1802; baseline 0 -16"><span class='ocrx_word' id='word_1_145' title='bbox 101 1741 408 1788; x_wconf 87' lang='lat' dir='ltr'>habitudinem</span> <span class='ocrx_word' id='word_1_146' title='bbox 436 1741 716 1788; x_wconf 89' lang='lat' dir='ltr'>sufficienter</span> <span class='ocrx_word' id='word_1_147' title='bbox 741 1741 956 1802; x_wconf 88' lang='lat' dir='ltr'>explicari</span> <span class='ocrx_word' id='word_1_148' title='bbox 988 1747 1198 1801; x_wconf 87' lang='lat' dir='ltr'>putamus</span> <span class='ocrx_word' id='word_1_149' title='bbox 1223 1755 1277 1787; x_wconf 88' lang='lat' dir='ltr'>ex</span> <span class='ocrx_word' id='word_1_150' title='bbox 1303 1747 1407 1787; x_wconf 87' lang='lat' dir='ltr'>nota</span> <span class='ocrx_word' id='word_1_151' title='bbox 1434 1756 1549 1786; x_wconf 87' lang='lat' dir='ltr'>mar-</span> 
     </span>
     <span class='ocr_line' id='line_1_22' title="bbox 100 1817 1551 1878; baseline 0.001 -16"><span class='ocrx_word' id='word_1_152' title='bbox 100 1817 239 1878; x_wconf 87' lang='lat' dir='ltr'>ginali</span> <span class='ocrx_word' id='word_1_153' title='bbox 283 1831 415 1878; x_wconf 84' lang='lat' dir='ltr'>quam</span> <span class='ocrx_word' id='word_1_154' title='bbox 443 1817 700 1878; x_wconf 87' lang='lat' dir='ltr'>Wrightius</span> <span class='ocrx_word' id='word_1_155' title='bbox 742 1818 786 1862; x_wconf 88' lang='lat' dir='ltr'>in</span> <span class='ocrx_word' id='word_1_156' title='bbox 823 1818 1033 1877; x_wconf 72' lang='lat' dir='ltr'>Gataloqo</span> <span class='ocrx_word' id='word_1_157' title='bbox 1075 1817 1207 1864; x_wconf 87' lang='lat' dir='ltr'>Godd.</span> <span class='ocrx_word' id='word_1_158' title='bbox 1255 1820 1361 1864; x_wconf 88' lang='lat' dir='ltr'>Mss.</span> <span class='ocrx_word' id='word_1_159' title='bbox 1407 1819 1551 1863; x_wconf 85' lang='lat' dir='ltr'>Musei</span> 
     </span>
    </p>
   </div>
   <div class='ocr_carea' id='block_1_3' title="bbox 100 1894 1549 2209">
    <p class='ocr_par' dir='ltr' id='par_1_4' title="bbox 100 1894 1549 2209">
     <span class='ocr_line' id='line_1_23' title="bbox 100 1894 1549 1970; baseline -0.002 -19"><span class='ocrx_word' id='word_1_160' title='bbox 100 1908 356 1954; x_wconf 78' lang='lat' dir='ltr'>Britannici</span> <span class='ocrx_word' id='word_1_161' title='bbox 402 1904 450 1970; x_wconf 77' lang='lat'>(2)</span> <span class='ocrx_word' id='word_1_162' title='bbox 499 1906 668 1967; x_wconf 92' lang='lat' dir='ltr'>publici</span> <span class='ocrx_word' id='word_1_163' title='bbox 711 1906 828 1966; x_wconf 89' lang='lat' dir='ltr'>juris</span> <span class='ocrx_word' id='word_1_164' title='bbox 877 1906 983 1953; x_wconf 86' lang='lat' dir='ltr'>fecit</span> <span class='ocrx_word' id='word_1_165' title='bbox 1031 1924 1038 1952; x_wconf 90' lang='lat'><strong>:</strong></span> <span class='ocrx_word' id='word_1_166' title='bbox 1082 1894 1116 1948; x_wconf 75' lang='grc' dir='ltr'>σῖ</span> <span class='ocrx_word' id='word_1_167' title='bbox 1158 1903 1328 1964; x_wconf 47' lang='lat' dir='ltr'>..gouel</span> <span class='ocrx_word' id='word_1_168' title='bbox 1375 1902 1549 1962; x_wconf 54' lang='lat' dir='ltr'>imma}</span> 
     </span>
     <span class='ocr_line' id='line_1_24' title="bbox 103 1989 1546 2052; baseline 0 -14"><span class='ocrx_word' id='word_1_169' title='bbox 103 2029 112 2038; x_wconf 90' lang='lat'><strong><em>.</em></strong></span> <span class='ocrx_word' id='word_1_170' title='bbox 136 1997 254 2040; x_wconf 45' lang='lat' dir='ltr'>..Aac</span> <span class='ocrx_word' id='word_1_171' title='bbox 279 2000 405 2052; x_wconf 42' lang='grc' dir='ltr'>..ἕδος</span> <span class='ocrx_word' id='word_1_172' title='bbox 427 1989 552 2046; x_wconf 56' lang='grc' dir='ltr'>μω..</span> <span class='ocrx_word' id='word_1_173' title='bbox 579 1999 779 2038; x_wconf 47' lang='lat' dir='ltr'>sams.</span> <span class='ocrx_word' id='word_1_174' title='bbox 819 2010 841 2032; x_wconf 89' lang='lat'>«</span> <span class='ocrx_word' id='word_1_175' title='bbox 868 1990 1058 2051; x_wconf 87' lang='lat' dir='ltr'>Sapiens</span> <span class='ocrx_word' id='word_1_176' title='bbox 1091 1991 1340 2052; x_wconf 85' lang='lat' dir='ltr'>Aphraates</span> <span class='ocrx_word' id='word_1_177' title='bbox 1372 1997 1440 2038; x_wconf 86' lang='lat' dir='ltr'>est</span> <span class='ocrx_word' id='word_1_178' title='bbox 1473 1992 1546 2037; x_wconf 87' lang='lat' dir='ltr'>Ja-</span> 
     </span>
     <span class='ocr_line' id='line_1_25' title="bbox 101 2067 1545 2130; baseline 0 -16"><span class='ocrx_word' id='word_1_179' title='bbox 101 2069 260 2126; x_wconf 88' lang='lat' dir='ltr'>cobus,</span> <span class='ocrx_word' id='word_1_180' title='bbox 282 2067 543 2129; x_wconf 89' lang='lat' dir='ltr'>Episcopus</span> <span class='ocrx_word' id='word_1_181' title='bbox 570 2067 861 2130; x_wconf 82' lang='lat' dir='ltr'>(monasterii)</span> <span class='ocrx_word' id='word_1_182' title='bbox 882 2068 975 2114; x_wconf 87' lang='lat' dir='ltr'>Mar</span> <span class='ocrx_word' id='word_1_183' title='bbox 1000 2068 1213 2116; x_wconf 82' lang='lat' dir='ltr'>Matthaei.</span> <span class='ocrx_word' id='word_1_184' title='bbox 1244 2088 1266 2110; x_wconf 72' lang='lat'>2&gt;</span> <span class='ocrx_word' id='word_1_185' title='bbox 1290 2069 1406 2115; x_wconf 89' lang='lat' dir='ltr'>Hinc</span> <span class='ocrx_word' id='word_1_186' title='bbox 1426 2069 1545 2115; x_wconf 88' lang='lat' dir='ltr'>enim</span> 
     </span>
     <span class='ocr_line' id='line_1_26' title="bbox 100 2146 1544 2209; baseline -0.001 -16"><span class='ocrx_word' id='word_1_187' title='bbox 100 2148 216 2194; x_wconf 92' lang='lat' dir='ltr'>haud</span> <span class='ocrx_word' id='word_1_188' title='bbox 263 2154 433 2195; x_wconf 90' lang='lat' dir='ltr'>temere</span> <span class='ocrx_word' id='word_1_189' title='bbox 470 2147 697 2208; x_wconf 87' lang='lat' dir='ltr'>conjicere</span> <span class='ocrx_word' id='word_1_190' title='bbox 734 2162 980 2209; x_wconf 89' lang='lat' dir='ltr'>possumus</span> <span class='ocrx_word' id='word_1_191' title='bbox 1022 2162 1123 2194; x_wconf 90' lang='lat' dir='ltr'>eum</span> <span class='ocrx_word' id='word_1_192' title='bbox 1162 2147 1239 2208; x_wconf 86' lang='lat' dir='ltr'>qui</span> <span class='ocrx_word' id='word_1_193' title='bbox 1275 2146 1463 2208; x_wconf 86' lang='lat' dir='ltr'>proprio</span> <span class='ocrx_word' id='word_1_194' title='bbox 1501 2150 1544 2192; x_wconf 90' lang='lat' dir='ltr'>et</span> 
     </span>
    </p>
   </div>
   <div class='ocr_carea' id='block_1_4' title="bbox 100 2223 1541 2362">
    <p class='ocr_par' dir='ltr' id='par_1_5' title="bbox 100 2223 1541 2362">
     <span class='ocr_line' id='line_1_27' title="bbox 100 2223 1541 2286; baseline -0.001 -16"><span class='ocrx_word' id='word_1_195' title='bbox 100 2225 289 2286; x_wconf 87' lang='lat' dir='ltr'>profano</span> <span class='ocrx_word' id='word_1_196' title='bbox 332 2224 513 2272; x_wconf 88' lang='lat' dir='ltr'>nomine</span> <span class='ocrx_word' id='word_1_197' title='bbox 548 2225 786 2272; x_wconf 88' lang='lat' dir='ltr'>dicebatur</span> <span class='ocrx_word' id='word_1_198' title='bbox 825 2224 1094 2285; x_wconf 83' lang='lat' dir='ltr'>Aphraates‚</span> <span class='ocrx_word' id='word_1_199' title='bbox 1130 2229 1306 2285; x_wconf 89' lang='lat' dir='ltr'>postea,</span> <span class='ocrx_word' id='word_1_200' title='bbox 1348 2237 1451 2270; x_wconf 87' lang='lat' dir='ltr'>cum</span> <span class='ocrx_word' id='word_1_201' title='bbox 1487 2223 1541 2269; x_wconf 88' lang='lat' dir='ltr'>ad</span> 
     </span>
     <span class='ocr_line' id='line_1_28' title="bbox 100 2299 1540 2362; baseline -0.002 -15"><span class='ocrx_word' id='word_1_202' title='bbox 100 2300 412 2362; x_wconf 86' lang='lat' dir='ltr'>episcopatum</span> <span class='ocrx_word' id='word_1_203' title='bbox 446 2301 789 2362; x_wconf 85' lang='lat' dir='ltr'>proveheretur,</span> <span class='ocrx_word' id='word_1_204' title='bbox 820 2315 983 2348; x_wconf 89' lang='lat' dir='ltr'>nomen</span> <span class='ocrx_word' id='word_1_205' title='bbox 1011 2300 1140 2356; x_wconf 90' lang='lat' dir='ltr'>illud,</span> <span class='ocrx_word' id='word_1_206' title='bbox 1170 2314 1223 2347; x_wconf 85' lang='lat' dir='ltr'>ex</span> <span class='ocrx_word' id='word_1_207' title='bbox 1262 2314 1386 2347; x_wconf 89' lang='lat' dir='ltr'>more</span> <span class='ocrx_word' id='word_1_208' title='bbox 1422 2299 1540 2360; x_wconf 87' lang='lat' dir='ltr'>apud</span> 
     </span>
    </p>
   </div>
   <div class='ocr_carea' id='block_1_5' title="bbox 100 2457 1543 2723">
    <p class='ocr_par' dir='ltr' id='par_1_6' title="bbox 100 2457 1543 2613">
     <span class='ocr_line' id='line_1_29' title="bbox 144 2457 1541 2503; baseline -0.001 -11"><span class='ocrx_word' id='word_1_209' title='bbox 144 2460 191 2500; x_wconf 78' lang='grc' dir='ltr'>(ί)</span> <span class='ocrx_word' id='word_1_210' title='bbox 214 2461 291 2493; x_wconf 83' lang='lat' dir='ltr'>Jam</span> <span class='ocrx_word' id='word_1_211' title='bbox 310 2467 433 2503; x_wconf 87' lang='lat' dir='ltr'>supra,</span> <span class='ocrx_word' id='word_1_212' title='bbox 461 2469 520 2503; x_wconf 84' lang='lat' dir='ltr'>pp.</span> <span class='ocrx_word' id='word_1_213' title='bbox 536 2461 579 2494; x_wconf 75' lang='lat'>34</span> <span class='ocrx_word' id='word_1_214' title='bbox 591 2460 695 2500; x_wconf 82' lang='lat' dir='ltr'>et35‚</span> <span class='ocrx_word' id='word_1_215' title='bbox 710 2458 832 2493; x_wconf 84' lang='lat' dir='ltr'>docuit</span> <span class='ocrx_word' id='word_1_216' title='bbox 853 2462 1073 2493; x_wconf 82' lang='lat' dir='ltr'>Assemanus</span> <span class='ocrx_word' id='word_1_217' title='bbox 1091 2458 1208 2502; x_wconf 86' lang='lat' dir='ltr'>ipsum</span> <span class='ocrx_word' id='word_1_218' title='bbox 1222 2457 1396 2499; x_wconf 78' lang='lat' dir='ltr'>sapientis</span> <span class='ocrx_word' id='word_1_219' title='bbox 1410 2465 1541 2500; x_wconf 83' lang='lat' dir='ltr'>cogno-</span> 
     </span>
     <span class='ocr_line' id='line_1_30' title="bbox 101 2513 1543 2559; baseline -0.001 -11"><span class='ocrx_word' id='word_1_220' title='bbox 101 2522 182 2548; x_wconf 88' lang='lat' dir='ltr'>men</span> <span class='ocrx_word' id='word_1_221' title='bbox 199 2515 293 2558; x_wconf 89' lang='lat' dir='ltr'>apud</span> <span class='ocrx_word' id='word_1_222' title='bbox 312 2516 421 2559; x_wconf 86' lang='lat' dir='ltr'>Syros</span> <span class='ocrx_word' id='word_1_223' title='bbox 440 2515 487 2550; x_wconf 79' lang='lat' dir='ltr'>ita</span> <span class='ocrx_word' id='word_1_224' title='bbox 507 2515 632 2550; x_wconf 82' lang='lat' dir='ltr'>Jacobz&#39;</span> <span class='ocrx_word' id='word_1_225' title='bbox 645 2515 858 2559; x_wconf 72' lang='lat' dir='ltr'>Saruqensis</span> <span class='ocrx_word' id='word_1_226' title='bbox 876 2515 1061 2559; x_wconf 83' lang='lat' dir='ltr'>proprium</span> <span class='ocrx_word' id='word_1_227' title='bbox 1090 2523 1183 2556; x_wconf 88' lang='lat' dir='ltr'>esse,</span> <span class='ocrx_word' id='word_1_228' title='bbox 1204 2517 1243 2548; x_wconf 89' lang='lat' dir='ltr'>ut</span> <span class='ocrx_word' id='word_1_229' title='bbox 1258 2513 1430 2550; x_wconf 81' lang='lat' dir='ltr'>Nisibeno</span> <span class='ocrx_word' id='word_1_230' title='bbox 1454 2521 1543 2546; x_wconf 93' lang='lat' dir='ltr'>nun-</span> 
     </span>
     <span class='ocr_line' id='line_1_31' title="bbox 100 2570 414 2613; baseline 0.003 -10"><span class='ocrx_word' id='word_1_231' title='bbox 100 2577 204 2613; x_wconf 84' lang='lat' dir='ltr'>quam</span> <span class='ocrx_word' id='word_1_232' title='bbox 225 2570 414 2604; x_wconf 81' lang='lat' dir='ltr'>tribuatur.</span> 
     </span>
    </p>

    <p class='ocr_par' dir='ltr' id='par_1_7' title="bbox 100 2625 1540 2723">
     <span class='ocr_line' id='line_1_32' title="bbox 143 2625 1540 2668; baseline -0.002 -9"><span class='ocrx_word' id='word_1_233' title='bbox 143 2626 189 2665; x_wconf 72' lang='lat'>(2)</span> <span class='ocrx_word' id='word_1_234' title='bbox 214 2625 405 2668; x_wconf 77' lang='lat' dir='ltr'>Calaioyue</span> <span class='ocrx_word' id='word_1_235' title='bbox 430 2626 470 2667; x_wconf 77' lang='lat' dir='ltr'>of</span> <span class='ocrx_word' id='word_1_236' title='bbox 491 2626 618 2668; x_wconf 77' lang='lat' dir='ltr'>Syriae</span> <span class='ocrx_word' id='word_1_237' title='bbox 647 2626 889 2667; x_wconf 82' lang='lat' dir='ltr'>manuscripts</span> <span class='ocrx_word' id='word_1_238' title='bbox 920 2628 957 2659; x_wconf 81' lang='lat' dir='ltr'>in</span> <span class='ocrx_word' id='word_1_239' title='bbox 988 2627 1044 2659; x_wconf 77' lang='lat' dir='ltr'>me</span> <span class='ocrx_word' id='word_1_240' title='bbox 1071 2626 1204 2659; x_wconf 79' lang='lat' dir='ltr'>Bricislz</span> <span class='ocrx_word' id='word_1_241' title='bbox 1233 2625 1408 2665; x_wconf 69' lang='lat' dir='ltr'>museum,</span> <span class='ocrx_word' id='word_1_242' title='bbox 1424 2625 1467 2666; x_wconf 73' lang='lat' dir='ltr'>by</span> <span class='ocrx_word' id='word_1_243' title='bbox 1489 2625 1540 2656; x_wconf 87' lang='lat' dir='ltr'>W.</span> 
     </span>
     <span class='ocr_line' id='line_1_33' title="bbox 100 2681 883 2723; baseline 0.003 -11"><span class='ocrx_word' id='word_1_244' title='bbox 100 2681 237 2723; x_wconf 82' lang='lat' dir='ltr'>Wright</span> <span class='ocrx_word' id='word_1_245' title='bbox 253 2681 396 2721; x_wconf 72' lang='lat' dir='ltr'>(hond,</span> <span class='ocrx_word' id='word_1_246' title='bbox 417 2683 528 2721; x_wconf 80' lang='grc'>1871),</span> <span class='ocrx_word' id='word_1_247' title='bbox 551 2682 594 2721; x_wconf 86' lang='lat' dir='ltr'>ll,</span> <span class='ocrx_word' id='word_1_248' title='bbox 616 2690 646 2723; x_wconf 70' lang='lat' dir='ltr'>p,</span> <span class='ocrx_word' id='word_1_249' title='bbox 669 2682 745 2721; x_wconf 74' lang='lat'>40¹,</span> <span class='ocrx_word' id='word_1_250' title='bbox 764 2681 883 2714; x_wconf 41' lang='lat'>0011‘2.</span> 
     </span>
    </p>
   </div>
  </div>
 </body>
</html>
