1737 2950
677 219 972 262 -326-

108 347 204 392 suis
229 346 372 392 oravit
397 352 439 392 et
466 346 756 407 supplicavit,
785 351 832 392 ut
868 346 1044 393 scilicet
1080 347 1307 408 Babylone
1343 352 1540 394 reverte-

107 430 276 469 rentur.
325 424 481 470 Daniel
529 423 647 470 enim
693 424 761 470 vir
807 423 1024 470 desiderii
1071 429 1183 478 erat,
1229 424 1300 471 cui
1348 425 1542 471 revelata

107 501 282 546 fuerant
315 501 527 562 mysteria
566 507 609 547 et
646 502 722 562 qui
762 515 834 548 res
869 501 989 548 circa
1022 500 1155 548 finem
1190 501 1362 548 futuras
1401 502 1540 548 mani-

109 577 302 623 festavit.
357 577 575 633 Quoniam
625 579 723 638 ipse
770 579 991 639 propheta
1038 584 1167 632 erat,
1221 578 1540 638 prophetarum

107 655 305 700 oraculis
347 662 469 702 recte
513 670 623 702 usus
673 662 756 702 est.
806 656 917 701 Nam
964 669 1053 716 quo
1101 661 1305 716 tempore
1345 655 1541 716 populus

106 731 365 777 Judaeorum
403 733 445 777 in
482 733 739 793 captivitate
776 732 1047 793 Babylonica
1083 733 1291 794 degebat,
1331 746 1540 780 surrexe—

107 814 210 853 runt
247 809 363 854 inter
400 823 478 855 eos
513 809 941 870 pseudoprophetae,
977 809 1053 870 qui
1087 809 1196 856 falsa
1230 809 1297 856 sic
1331 823 1539 870 praenun·

107 884 276 930 tiabant
300 884 350 945 (ι)
374 903 385 930 .·
408 886 508 931 Hoec
532 886 649 931 dixit
675 888 888 931 Dominus
918 902 926 931 2
958 888 1059 932 Post
1084 887 1194 932 daos
1219 901 1358 933 annos
1374 887 1541 946 juqum

105 963 559 1018 Nabuchodonosoris‚
589 966 707 1022 regis
738 965 993 1023 Babylonis,
1022 965 1129 1010 collo
1163 966 1362 1010 omnium
1397 965 1541 1010 natio-

105 1054 212 1084 num
239 1042 484 1085 excutiam.
511 1040 650 1096 Quam
676 1041 1175 1101 pseudoprophetarum
1202 1041 1541 1101 praedictionem

105 1129 205 1160 cum
247 1116 509 1162 rescivisset
539 1117 782 1172 Jeremias,
822 1119 1060 1178 epistolam
1101 1119 1287 1179 scripsit
1329 1117 1541 1179 misitque

108 1192 399 1252 Babylonem.
425 1194 581 1247 Nolite,
608 1194 754 1239 aicbat
775 1193 841 1256 (a),
864 1195 1025 1241 audire
1045 1196 1285 1254 prophetas
1309 1195 1542 1241 mendaces

105 1272 183 1328 qui
211 1272 327 1316 inter
351 1284 424 1316 vos
449 1279 788 1325 conversantur,
817 1285 976 1331 vosque
1011 1273 1070 1317 ad
1099 1272 1414 1329 confidentiam
1440 1272 1542 1318 hor·

106 1355 282 1399 tantur,
306 1348 499 1393 dicentes
529 1364 537 1393 :
568 1350 671 1393 Post
695 1349 806 1394 duos
831 1363 970 1394 annos
990 1351 1210 1409 Babylone
1235 1350 1535 1395 revertemini.

105 1425 207 1468 Hcec
240 1432 395 1469 contra
426 1427 629 1483 praecipit
668 1427 878 1471 Dominus
908 1442 915 1470 :
947 1428 1100 1472 Demos
1133 1427 1368 1483 (edificate,
1401 1426 1541 1472 domi-

106 1502 262 1545 cilium
309 1503 585 1554 constituite,
632 1503 838 1560 plantate
886 1503 1032 1548 hortos
1079 1510 1120 1548 et
1165 1502 1345 1563 fructus
1390 1515 1542 1548 eorum

107 1577 317 1622 comedite
332 1596 345 1632 ;
373 1579 589 1623 assumite
615 1592 775 1623 umores
799 1579 910 1635 filiis
935 1581 1110 1631 vestris,
1139 1586 1396 1637 vestrasque
1418 1578 1540 1636 silias

106 1655 209 1699 date
244 1656 289 1698 in
333 1657 685 1708 matrimonium,
723 1658 934 1714 quoniam
976 1658 1064 1701 nisi
1105 1658 1215 1701 anni
1254 1653 1542 1714 septuaqinta

106 1733 327 1790 Babylone
358 1735 579 1778 transacti
613 1735 802 1790 suerint,
831 1748 887 1780 eat
923 1736 1011 1780 Ioco
1047 1737 1129 1780 isto
1165 1749 1250 1780 non
1286 1735 1536 1781 discedatis.

108 1809 263 1853 Daniel
298 1815 462 1860 autem,
500 1810 575 1869 qui
612 1810 780 1870 Spiritu
820 1811 981 1870 plenus
1027 1818 1144 1864 erat,
1180 1811 1352 1857 sciebat
1390 1825 1541 1858 veram

107 1900 211 1930 esse
243 1885 450 1931 Jeremiae
485 1887 785 1946 prophetiam.
819 1888 964 1943 Quare
991 1888 1159 1948 elapsis
1193 1888 1321 1934 annis
1359 1893 1540 1948 septua-

105 1962 248 2021 ginta,
265 1976 425 2021 preces
446 1963 895 2024 supplicationesque
918 1966 1009 2011 Deo
1029 1965 1244 2011 obtulit.»
1263 1992 1319 1998 -—
1337 1965 1541 2012 Recitato

108 2038 284 2097 integro
319 2039 466 2098 eapite
501 2040 559 2083 tx
596 2039 812 2091 Danielis,
855 2055 944 2100 quo
983 2047 1026 2087 et
1060 2043 1293 2102 prophetae
1328 2041 1472 2088 oratio
1497 2049 1542 2088 et

103 2114 317 2160 revelatio
345 2114 430 2174 ipsi
460 2128 539 2174 per
563 2116 773 2175 angelum
811 2117 971 2162 tradita
1002 2123 1280 2174 enarrantur,
1310 2117 1368 2163 ita
1393 2117 1542 2178 pergit

103 2189 355 2249 Apliraates
397 2190 446 2253 (a)
492 2209 500 2236 2
551 2211 571 2233 ε(
611 2193 903 2253 Septuaginta
945 2194 1249 2240 hebdomades
1290 2194 1393 2239 anni
1435 2198 1541 2240 sunt

105 2268 348 2328 nonaginta
398 2284 535 2329 supra
583 2271 960 2331 quadringentos,
1007 2272 1081 2331 qui
1129 2287 1152 2316 a
1201 2278 1403 2331 tempore
1449 2284 1539 2331 quo

106 2344 259 2389 Daniel
286 2345 428 2390 oravit
455 2360 599 2405 usque
636 2347 688 2391 ad
728 2346 924 2392 ultimam
965 2348 1291 2408 Hierosolymae
1329 2347 1539 2394 vastatio·-

105 2434 204 2466 nem
232 2421 373 2481 elapsi
401 2429 505 2467 sunt
536 2439 543 2467 :
575 2423 736 2469 exinde
762 2424 879 2469 enim
918 2424 1014 2469 suis
1054 2424 1214 2469 incolis
1246 2423 1404 2470 civitas
1430 2424 1539 2470 orba

148 2606 193 2640 (l)
219 2605 348 2636 Jerem.
368 2604 514 2643 xxvm,
535 2605 586 2636 Η.

149 2662 196 2700 (⁹2)
224 2661 311 2694 lbid.
332 2662 441 2701 ΧΧΙΧ,
460 2662 493 2702 8,
509 2662 541 2700 5,
560 2662 593 2701 6,
614 2663 663 2694 18.

149 2728 196 2766 «5)
222 2726 385 2769 Wright.‚
406 2737 437 2768 p.
468 2730 562 2771 lan-4
587 2738 687 2771 seqq.
